2722 4882
802 177 1038 230 ,·t)

850 261 921 296 ti

260 503 267 518 ⁸
323 543 384 614 iss
633 511 876 594 touioun
912 527 1074 590 unctu

246 703 261 797 Ἰ
323 707 516 802 opinionem
549 705 580 769 ie
613 707 790 768 deductum
817 705 877 768 esse
910 707 954 767 ait
980 721 1020 766 ex
1045 703 1208 766 Hermoiai
1230 693 1330 762 barbari

321 825 417 891 nota,
444 812 479 870 iu
496 829 557 892 qua
574 797 642 872 ite
633 831 667 872 m
690 809 881 892 quibusdem
902 807 1065 870 codicibus
1085 807 1148 890 legi
1168 806 1328 866 adfirmatur.

227 985 230 1004 0
302 911 462 974 ‘Difficile
483 911 555 976 est
547 933 581 972 m
603 911 661 972 hac
681 911 827 972 codicum
846 907 1135 988 sententiarumque
1156 905 1329 985 discrepantia

322 1014 476 1075 arbitrum
498 1033 589 1098 agere
610 1011 745 1094 litesque
766 1015 974 1094 comporiere.
1026 1009 1248 1094 Corruptionis
1267 1000 1330 1065 cauit

323 1117 502 1197 quaerenda
531 1115 662 1175 videtur
692 1115 991 1204 in-primaiitqra,
1031 1131 1110 1192 quae
1140 1113 1175 1171 in
1195 1111 1262 1170 alias
1279 1125 1331 1166 con·

324 1216 412 1278 versa
428 1219 514 1278 varie
528 1217 646 1297 reperit
660 1215 803 1278 uomiub.
846 1214 941 1277 Forte
963 1214 1122 1276 Gotouum
1139 1211 1161 1274 s.
1183 1209 1331 1273 Gothorum

324 1317 516 1404 legendum,
543 1318 591 1376 uti
604 1331 706 1378 ·vocat
728 1317 992 1378 Tacitus-Annas.
1013 1331 1045 1385 o,
1068 1316 1127 1377 sio.
1150 1312 1234 1375 etde
1250 1310 1331 1370 Germ.

325 1439 353 1482 o·
371 1429 433 1502 43.
483 1419 564 1480 Aliis
591 1420 691 1480 iidem
713 1419 863 1480 dicuntur
891 1420 988 1480 etiam
1010 1406 1173 1490 reiense,
1208 1407 1332 1475 Gottonet

252 1523 259 1536 “
293 1575 297 1586 ,
325 1521 380 1582 vel
406 1518 565 1590 outone,
593 1521 633 1582 de
654 1538 718 1601 quo
739 1521 807 1582 vid.
830 1519 960 1583 Cluver.
980 1520 1014 1579 in
1036 1517 1150 1579 Germ.
1168 1529 1230 1578 ant.
1248 1528 1275 1591 3,
1291 1520 1331 1588 86

325 1639 359 1705 p.
384 1619 486 1698 625„
520 1621 643 1682 Eadem
671 1621 797 1682 illarum
831 1623 1006 1705 literarum·
1030 1620 1223 1701 permutatio
1246 1611 1331 1674 invasit

326 1719 516 1786 Strabonem
543 1722 598 1786 lib.
624 1737 657 1801 7.
691 1721 873 1804 poton-f.
900 1729 984 1786 201.
1013 1722 1072 1782 ubi
1102 1709 1258 1790 Βούτονες
1283 1731 1332 1796 pre

270 1849 273 1875 1
326 1825 467 1886 dierunt.
519 1825 639 1885 iniecit
671 1823 754 1886 hano
782 1825 970 1906 opinionem
1011 1823 1140 1884 codicis
1162 1810 1332 1884 Ciacconiani

325 1923 440 1996 lectioa
462 1924 621 1996 Getarum,
651 1927 725 2007 quia
745 1923 912 1989 Gotbonee
933 1925 1002 2007 post
1020 1923 1123 1986 Gothi
1141 1919 1214 1985 sunt
1233 1921 1297 1981 dicti
1313 1925 1334 1976 et

324 2015 403 2089 oum
421 2026 512 2088 Getis
524 2023 645 2108 -paffim
665 2039 844 2090 mutantur.
897 2027 1036 2095 Accedit,
1064 2025 1153 2108 quod
1170 2022 1266 2086 noster
1280 2019 1333 2081 oer-

323 2129 451 2190 marr-iae
466 2129 558 2190 litore
574 2143 819 2199 commemorat,
842 2142 875 2188 et
890 2127 1083 2190 Gethones'
1074 2145 1108 2188 ru
1121 2127 1217 2190 litore
1233 2113 1333 2187 Sueviti

324 2230 592 2322 merreaPythea
610 2245 778 2311 ponuntur
792 2229 867 2292 teste
883 2229 991 2293 Plinio
1009 2243 1067 2308 37,
1088 2249 1144 2292 11.
1161 2227 1182 2290 s.
1204 2249 1231 2290 r.
1230 2219 1334 2285 Deni-

321 2328 388 2413 que
403 2350 497 2415 reges
508 2331 663 2402 babuisse
696 2333 790 2392 docet
805 2323 961 2392 Tacitus
950 2351 985 2391 m
1008 2329 1173 2412 posteriori
1192 2330 1273 2397 loco,
1295 2317 1334 2381 ubl
1349 2371 1350 2384 r

325 2431 377 2499 dr
373 2445 440 2494 erte
472 2433 603 2494 illorum
634 2452 708 2516 erga
740 2447 830 2518 reges
853 2431 1043 2514 obsequium
1069 2431 1312 2514 praedicate
1282 2421 1335 2495 seb

325 2534 425 2616 quod¹
442 2533 525 2603 dixi,
565 2535 653 2595 certi:
672 2535 793 2614 aliquid
818 2531 907 2596 stetui
932 2553 998 2596 uon
1022 2531 1144 2615 potest.
1197 2525 1336 2595 Adsentior

324 2635 641 2698 interealieirroldio
652 2637 686 2695 in
701 2637 841 2697 nomine
850 2635 1012 2704 Boiorum,
1034 2635 1120 2716 quod
1143 2634 1275 2718 probant
1287 2643 1336 2688 me·

324 2735 420 2800 iiores
441 2735 526 2799 iibri.
559 2737 623 2799 Pro
642 2749 758 2800 terrem
776 2735 891 2800 vitiose
915 2735 1054 2803 Vindob.
1070 2719 1168 2798 habet
1185 2750 1281 2798 crans.
1348 2813 1349 2818 ¹

391 2929 622 3030 cognosse)
672 2942 735 3004 Sic
741 2939 867 3004 codices
883 2941 950 3002 mei
972 2939 1127 3020 plerique,
1155 2950 1189 3001 et
1176 2893 1349 3002 editiones}

298 3057 456 3114 ·ortmes;
485 3053 660 3104 tantuma.
685 3033 845 3133 cognosce.
894 3036 1335 3126 Sedctbin.1tehdig.Prag·

323 3134 522 3232 eognooiffes
551 3143 663 3204 ficut·
654 3141 738 3206 mte'r
769 3159 941 3225 utrumque
964 3141 1157 3203 fluctuantur
1175 3143 1252 3202 libri
1271 3131 1336 3216 epod

313 3233 426 3307 'varen
448 3243 535 3306 Max.
560 3246 594 3315 6,
621 3257 655 3322 8,
679 3248 737 3310 6
765 3246 812 3306 lta
832 3246 943 3306 similia
964 3246 1051 3306 varie
1074 3243 1250 3306 efferuntur
1270 3231 1336 3318 apud

322 3344 537 3426 Ciceronem,
567 3347 669 3408 veluti
699 3345 862 3440 iudicastis
883 3347 933 3406 in
942 3345 1070 3408 Catilio.
1089 3355 1163 3428 lp*
1114 3384 1178 3424 ,0.
1208 3337 1336 3404 dererint

323 3446 365 3508 de
381 3448 536 3528 provinc.
564 3447 682 3511 consul.
706 3469 733 3511 c.
757 3469 811 3512 ιι.
837 3447 982 3518 donarit,
1008 3467 1065 3530 pro
1089 3447 1190 3509 Balbo
1211 3465 1237 3508 c.
1253 3455 1283 3520 8
1302 3440 1348 3496 1111

320 3539 553 3648 consueruncst
543 3569 578 3609 ur
593 3547 701 3612 Votirr.
715 3569 743 3613 c.
753 3554 813 3614 ·ro.
831 3551 875 3612 in.
893 3562 926 3611 et
941 3539 1009 3612 alis'.
1041 3535 1348 3610 Hoeceutemuosttir

321 3650 415 3710 verbi
434 3634 537 3712 ferina
556 3653 654 3712 etiam
675 3651 724 3712 ab
731 3652 799 3713 aliie
819 3649 1045 3732 frequentatur,
1067 3649 1217 3733 equibus
1232 3643 1269 3708 cs.
1284 3641 1336 3704 Cic

317 3751 362 3810 ed
380 3749 493 3814 divers.
515 3765 571 3830 15,
595 3754 628 3816 6.
643 3751 666 3815 6.
699 3753 811 3836 Nepos
830 3754 865 3814 in'
881 3749 1041 3832 Lysandro
1060 3767 1139 3816 extr.
1163 3751 1337 3814 sternere

319 3863 390 3932 bap.
409 3865 441 3930 3,
462 3858 502 3934 ’4.
528 3853 606 3918 ,tin
625 3867 733 3932 2185,
757 3873 789 3916 o.
817 3867 849 3916 et
872 3853 1036 3930 Drakenb.
1054 3853 1092 3914 ad
1115 3863 1151 3933 4,
1172 3869 1227 3932 19.
1244 3853 1286 3913 io.
1314 3853 1337 3902 θῑ

318 3965 382 4024 oo,
403 3967 437 4031 3.
461 3971 493 4016 2.
528 3954 584 4013 ubi
606 3956 701 4017 docet
722 3955 936 4017 Ltvturnbae
954 3955 1046 4016 verbi
1066 3955 1279 4017 contractione
1298 3945 1338 4004 db

279 4079 284 4088 ·
309 4053 450 4116 *lectoria
479 4053 614 4117 Praestat
636 4058 736 4140 igitur
758 4057 811 4120 hic
824 4055 911 4138 sequi
926 4057 1070 4140 plurium
1091 4057 1238 4119 codicum
1252 4047 1336 4111 ruffo·

315 4155 384 4239 gias
418 4157 587 4238 inprimis
609 4167 683 4218 cum
706 4159 836 4220 Livium
861 4159 895 4220 in
918 4159 968 4225 his
986 4157 1103 4220 imitari
1126 4157 1229 4220 noster
1250 4151 1336 4214 soleat,

278 4292 279 4296 =
302 4257 449 4321 ''etffeiibi
463 4259 704 4324 ·contrtctiones
724 4261 901 4324 adhibeat·
942 4259 1097 4324 Ceterum
1123 4261 1235 4326 Veuet.
1256 4247 1337 4336 requ't
