2736 4884
471 419 483 446 Ι

305 445 367 510 nze
402 496 403 504 ι
604 367 853 501 robroxn
895 432 1067 548 uecta

307 617 343 681 in
361 615 479 698 quibus
498 611 667 680 nonnullis
684 615 778 678 abeli
788 616 901 676 ultime
919 619 985 676 vox
1005 615 1174 696 contingit.
1217 613 1326 678 Sed
1288 623 1326 676 re

309 739 377 780 ram
401 718 531 780 exhibet
552 688 726 780 lectionem
749 719 859 778 codex
853 720 1028 798 optimus·
1060 717 1325 786 Prudentioreseir,
1354 727 1356 764 2

138 805 140 812 ,
189 789 214 822 b
310 819 426 904 quibus
449 842 502 881 ars
514 819 662 912 studium
683 818 734 914 est
742 810 944 910 sapientiae,
977 839 1039 879 non
1063 811 1324 911 exspectantem.
1355 857 1356 860 =

312 923 481 985 Convenit
502 924 604 984 codex
622 919 885 990 drrrndellianue,
909 920 967 980 nifi
990 923 1076 1002 quod
1100 941 1159 1002 pro
1181 922 1223 980 eis
1239 920 1326 980 habeat
1355 932 1358 964 t

311 1025 403 1086 enim.
429 1057 477 1070 -
512 1025 595 1086 Sunt
612 1025 738 1094 autern,
763 1024 819 1104 ‘qrd
837 1021 978 1083 studium
999 1023 1171 1107 sapientiae
1191 1034 1327 1082 converte·
1354 1033 1358 1066 .:

311 1120 437 1187 runt'iu
458 1139 557 1188 artem
576 1127 721 1200 vivendi,
749 1139 781 1184 et
795 1143 862 1185 non
883 1125 941 1184 nist
957 1126 1088 1202 demum
1106 1127 1191 1185 vita'e
1207 1123 1283 1204 pleni
1297 1153 1327 1168 ⁴

243 1289 246 1294 ,
310 1225 480 1312 gloriosam
496 1229 553 1288 sibi
570 1227 764 1288 accerserunt
781 1239 932 1288 mortem.
967 1245 1100 1287 vosstvs
1125 1229 1160 1308 ip
1183 1221 1328 1305 appendice

314 1329 359 1390 ed
388 1331 421 1390 h.
450 1329 471 1388 s.
536 1331 636 1390 Recte
661 1329 701 1389 tle
727 1330 775 1387 eis¹
797 1343 909 1388 monet
939 1309 1136 1396 Gronovius.
1190 1329 1236 1388 Ita
1262 1327 1329 1384 enirn

315 1447 349 1502 Ω,
371 1447 403 1500 2,
424 1439 458 1511 4.
493 1431 538 1494 At
558 1427 671 1512 quibes
696 1419 928 1518 consolatrices
956 1427 1148 1522 anirntrstss
1178 1441 1212 1490 et
1233 1427 1328 1486 srmilit.
1357 1473 1358 1490 2

305 1531 458 1594 Pertinet
484 1530 572 1592 enir'n
598 1533 636 1590 ad
663 1531 899 1612 praecedentia,
934 1533 1060 1612 quoin
1085 1551 1170 1594 nexu
1195 1533 1329 1612 langueat.
1357 1569 1358 1576 .

260 1711 268 1720 ,
314 1632 391 1695 Non
408 1635 508 1716 magis
523 1633 625 1713 placet
640 1635 732 1701 enim,
756 1619 841 1712 quod
860 1635 894 1693 in
911 1633 968 1693 hac
983 1635 1155 1694 continuae
1171 1628 1329 1692 harrationit
1357 1674 1358 1677 ι

312 1749 402 1817 parte
417 1735 533 1795 melius
547 1734 640 1795 abest.
677 1737 741 1796 Aut
762 1735 860 1816 igitur
875 1736 967 1816 plane
985 1755 1059 1796 cum
1078 1733 1251 1818 Cibiniensr
1269 1745 1330 1790 utre·

314 1857 376 1919 que
395 1857 458 1898 vox
474 1837 607 1896 delenda
628 1835 687 1906 est,
714 1847 769 1905 aut
789 1855 862 1896 curn
881 1837 1049 1898 Gronovio
1064 1850 1094 1898 et
1114 1838 1229 1918 reponi
1247 1834 1329 1901 dehet,
1356 1848 1358 1882 ἐ

315 1940 402 2020 quod
420 1937 509 1998 facile
529 1939 652 2011 tra'neiit
666 1939 699 1998 in
716 1939 760 2010 ei,
788 1937 874 1999 unde
887 1936 1048 2000 scribendi
1067 1927 1260 2019 compendio
1275 1931 1330 1996 exsr-
1357 1953 1358 1984 1

314 2041 377 2100 luit
397 2041 488 2110 enim,
513 2040 566 2100 vel
582 2037 786 2114 nexueceusa
801 2037 943 2102 effictum
960 2038 1003 2098 est
1020 2041 1074 2102 eis.
1127 2040 1264 2101 Verbum
1278 2054 1330 2094 con·
1357 2085 1358 2102 ,

197 2227 202 2234 “
316 2143 417 2222 tingit
440 2161 456 2201 a
478 2141 613 2203 librariis
634 2139 790 2202 infertum
811 2135 880 2202 non
902 2142 1046 2211 videtur,
1072 2140 1160 2221 quod
1183 2136 1331 2226 agnoscunt
1357 2171 1358 2184 ι

225 2256 246 2303 ’.
298 2245 458 2329 ¹plerique
492 2263 551 2303 nec
582 2244 616 2302 in
642 2243 685 2304 iio
721 2243 887 2304 deterioris
913 2256 1009 2303 notae
1042 2243 1179 2305 codicee.
1231 2232 1358 2300 Voffius:

314 2344 412 2406 insert
437 2342 579 2415 sensum,
611 2359 681 2404 non
702 2341 814 2414 refert,
848 2357 881 2406 et
901 2344 983 2418 male
1004 2365 1060 2405 ars
1082 2363 1157 2404 cum
1171 2334 1332 2434 sapientiae
1357 2356 1358 2390 ι

287 2489 288 2506 .
314 2449 428 2516 nectit,
453 2454 598 2528 cunr'per
615 2443 644 2506 se
662 2445 719 2506 stet
733 2447 839 2526 posita.
870 2447 975 2529 [Duri
993 2463 1101 2529 temen
1119 2447 1238 2527 aliquid
1257 2439 1330 2503 inelle
1354 2457 1358 2482 ἰ

313 2568 383 2608 non
413 2553 509 2630 nego.
570 2549 629 2608 Are
658 2549 745 2608 enlm
772 2527 814 2608 et
834 2547 982 2628 sapientie
1015 2551 1203 2631 contingere
1229 2545 1358 2628 poliunt}

275 2683 277 2688 ι
315 2651 425 2736 alicui,
450 2669 488 2708 an
506 2667 583 2710 vero
605 2648 701 2708 etiam
717 2649 872 2719 studium,
899 2649 1042 2710 dubitare
1059 2651 1203 2725 liceat,
1193 2671 1227 2708 ιιι
1243 2649 1331 2728 prrnxt

30 2825 35 2833 Ι
127 2773 128 2776 ’
230 2761 249 2792 ²
315 2769 389 2811 cum
407 2751 552 2832 proxime
569 2751 614 2810 illi
634 2748 865 2834 subiungatur.
886 2751 959 2814 Post
977 2769 1036 2835 pro
1061 2748 1304 2833 ingerendoCib
1297 2765 1354 2806 ιιι.

313 2849 535 2934 ingrediendo,
566 2871 634 2914 non
656 2851 750 2914 bene

392 3077 483 3118 ree
482 3043 633 3148 ssent
684 3055 821 3118 Codices
846 3055 990 3138 plerique
1014 3069 1048 3117 et
1071 3057 1231 3119 editiones
1251 3025 1358 3116 crocet·l

305 3149 406 3249 Ju11t3
438 3159 537 3220 Vetic.
557 3174 675 3228 tamen,
698 3159 836 3242 Rehdig.
863 3158 948 3220 Gud
967 3173 1000 3220 et
1016 3157 1098 3219 forte
1114 3161 1229 3220 Venet
1245 3158 1356 3218 Havn.
1355 3140 1358 3200 l

314 3231 527 3322 cumeani
548 3276 579 3324 ι.
599 3274 632 3338 3.
648 3271 683 3336 4.
701 3272 734 3336 5.
752 3278 786 3338 9.
806 3279 861 3322 ιι.
884 3279 937 3321 12.
959 3273 1013 3338 15.
1034 3270 1088 3338 ι4.
1109 3279 1165 3340 ι9.
1185 3251 1329 3355 erceffint.

296 3364 363 3428 ,tuti
379 3362 571 3422 recentiores
584 3361 662 3420 *inde
677 3381 693 3420 a
710 3363 735 3422 l.
754 3361 934 3424 Gronovio.
961 3381 1165 3426 azecrrvcxrz.
1216 3355 1294 3422 Vols.
1309 3379 1329 3415 ι.

295 3463 403 3524 'aecer
418 3475 490 3524 tant
511 3457 569 3543 prb
592 3483 663 3522 eree
687 3475 774 3532 iuret,
808 3463 848 3522 de
871 3483 935 3542 quo
958 3463 1058 3524 verbo
1076 3465 1142 3548 egit
1163 3461 1330 3525 Oudendor-

175 3613 177 3626 .
276 3609 279 3614 -
313 3567 387 3674 pi'ue
409 3565 550 3624 innotis
571 3564 609 3624 ad
626 3561 771 3624 Frontin.
788 3563 844 3624 lib.
866 3583 895 3626 ι.
920 3584 987 3646 cap.
1005 3583 1038 3643 9.
1061 3568 1088 3642 §.
1109 3579 1142 3644 3.
1164 3579 1197 3626 et
1216 3581 1245 3636 2,
1262 3577 1289 3638 7,
1303 3569 1328 3637 4.

316 3685 349 3727 Α.
375 3681 582 3726 exortovtve.
634 3655 852 3725 inveteratum
873 3685 1024 3736 errorem,
1048 3687 1111 3747 quo
1133 3665 1277 3727 scribatur
1292 3681 1330 3720 ec·

314 3759 415 3858 cerso,
449 3767 527 3828 dicit
557 3765 726 3828 Muncker.
755 3767 792 3826 ed
827 3766 952 3850 Hygini
974 3765 1037 3830 sab.
1063 3781 1122 3845 83.
1152 3789 1184 3850 p.
1212 3779 1284 3848 142.
1305 3773 1329 3820 et

268 3907 269 3912 κ
314 3869 491 3930 Lambinus
506 3869 585 3929 adeo
600 3869 639 3927 ad
652 3867 789 3950 Nepotis
800 3869 943 3929 Dionem
960 3883 994 3940 o,
1011 3885 1045 3931 ιι.
1074 3871 1218 3930 Latinam
1234 3881 1329 3929 vocem

314 3969 375 4032 else
390 3982 497 4053 negat.
531 3969 582 4030 De
599 3965 749 4050 scriptura
766 3961 884 4057 ereeffe
899 3971 1027 4032 rnouuit
1044 3972 1107 4032 ianr
1124 3971 1200 4032 olim
1216 3969 1329 4033 Colenu

313 4073 353 4133 ad
369 4073 468 4132 Valet.
487 4069 572 4132 Max.
591 4085 623 4140 a,
643 4085 675 4149 3,
694 4089 724 4133 e.
752 4085 785 4132 et
802 4071 879 4132 hine
901 4071 999 4136 Corte
1018 4064 1327 4136 adsensione.

314 4193 381 4254 cap.
397 4183 457 4253 4ο.
475 4171 496 4234 s.
524 4187 558 4234 et
574 4190 657 4252 quoe
679 4187 846 4244 memoret,
870 4174 1017 4256 itemque
1028 4173 1195 4248 'Drakenb
1217 4173 1254 4236 ad
1271 4170 1328 4230 Liv.
