2722 4882
228 497 230 502 ⁴
289 497 357 602 'rao
597 524 845 584 rouronrr
887 523 1053 582 ιιιιιιι

298 694 661 768 librorumarictoritas.
692 711 814 760 utnon
835 695 936 758 solum
959 696 1037 757 haec
1059 695 1176 756 intacta
1192 693 1326 773 relinque·

249 789 252 794 ⁵
299 825 386 872 rem,
417 801 469 864 led
494 815 527 863 et
549 803 584 862 in
615 799 742 862 summo
773 818 887 860 eorum
918 795 1087 866 consensu,
1120 817 1195 859 eum
1218 794 1326 856 aliunde

253 887 258 900 ’
300 906 384 966 nihil
408 904 519 974 obstet,
546 903 721 986 reciperem
744 899 859 962 verba:
888 899 991 981 magis
1013 918 1109 980 quom
1127 899 1210 960 alias
1230 909 1325 976 gentes,

303 1007 421 1088 quippe
438 1003 606 1086 inquibus
627 1005 736 1085 potior
753 999 840 1064 causa
859 1001 957 1082 latere
972 1001 1119 1072 videtur,
1142 998 1198 1062 cur'
1211 1000 1246 1059 in
1259 995 1327 1057 librit

185 1141 187 1148 ,
296 1107 408 1191 ,spuria
428 1107 481 1168 illa
502 1104 691 1168 accesserint.

252 1375 254 1380 ,
472 1312 502 1388 §.
531 1322 564 1383 7.
619 1305 829 1389 Orcades)
878 1307 1015 1372 Codices
1037 1306 1104 1367 mei
1129 1320 1162 1368 et
1189 1304 1338 1368 editiones.

308 1409 451 1496 (praeter
470 1404 548 1494 23.)
570 1409 610 1469 ad
624 1405 768 1470 Voffiunr
787 1409 965 1480 orchades,
991 1409 1042 1468 uti
1063 1405 1208 1492 scribunt
1222 1405 1289 1468 libri
1306 1402 1331 1460 in

226 1511 229 1518 ’
309 1513 469 1574 Martiano
480 1511 559 1592 Cep.
574 1509 629 1570 lib.
642 1506 675 1572 6.
690 1531 721 1590 p.
735 1523 817 1588 215.
844 1493 956 1574 Selino
971 1527 1037 1592 cap.
1055 1523 1114 1570 ιιι.
1125 1507 1147 1572 s.
1159 1521 1219 1588 25.
1242 1504 1332 1568 lsrdori

310 1613 437 1696 Origin.
455 1622 514 1698 ιιι,
533 1611 567 1675 6.
608 1605 744 1682 volnus,
771 1613 858 1694 quod
880 1613 945 1673 iam
966 1608 1086 1671 serebat
1102 1611 1157 1671 ed.
1182 1623 1243 1691 25.
1266 1617 1331 1666 recte

309 1728 343 1775 et
364 1711 567 1794 sequentibus
587 1715 700 1776 ceteris
717 1713 825 1775 emisit
843 1701 992 1782 Orcades,
1019 1711 1107 1773 utin
1129 1711 1198 1772 aliie
1223 1707 1334 1771 auctori·

310 1814 370 1877 but
390 1815 453 1877 viri
472 1815 570 1876 docti.
608 1811 663 1877 Gr.
687 1809 853 1902 'Opitddae
903 1814 970 1876 ,Se-d
999 1825 1032 1872 et
1066 1811 1211 1873 Oreades
1232 1832 1270 1872 ex
1288 1809 1335 1868 hoc

310 1917 383 1978 loco
407 1915 511 1977 Melae
533 1914 642 1976 addito
662 1918 737 1979 eiue
764 1917 898 2000 nomine
920 1910 1023 1976 adfert
1046 1925 1143 1984 retus
1166 1910 1335 1977 Scholialter

311 2017 473 2081 Iuvenalis
492 2017 532 2079 ad
554 2033 585 2090 2,
614 2013 692 2084 160.
767 2073 780 2080 -

334 2279 337 2288 .
387 2219 563 2304 ductae)
618 2221 671 2284 Sic
705 2219 853 2285 Ciaocon.
885 2233 918 2284 et
956 2221 1099 2304 plerique
1131 2219 1185 2281 alii
1221 2217 1337 2282 codices·

311 2337 436 2407 praeter
453 2321 537 2385 voff.
560 2343 594 2392 tr
606 2323 705 2388 Vetic.
723 2342 754 2386 1.
767 2336 800 2384 et
815 2321 925 2386 Cibin.
950 2309 984 2383 in
1001 2319 1338 2406 quibueestdeductoe.

313 2425 400 2488 Edd.
420 2444 451 2489 ι.
472 2441 504 2487 e.
525 2437 558 2504 5.
582 2433 618 2502 4.
641 2420 675 2502 5.
699 2442 734 2510 9.
761 2445 816 2488 ιι.
839 2439 896 2503 15.
917 2423 1050 2496 ductoe‚·
1083 2421 1115 2488 6.
1137 2441 1195 2486 ιο.
1221 2439 1275 2482 12.
1295 2425 1339 2497 rip.

319 2528 376 2592 26.
406 2537 460 2603 ιθ.
491 2543 545 2604 19.
575 2539 633 2586 ιιι.
662 2543 718 2588 ee.
746 2535 806 2606 24.
841 2537 901 2603 25.
934 2524 1106 2595 Vadianae‚
1142 2520 1340 2586 Olivarianae,

314 2614 460 2696 Vinctus,
485 2625 646 2696 schottus,
671 2621 797 2688 Voffiue
818 2625 985 2699 diductae,·
1019 2641 1052 2702 7.
1077 2616 1339 2703 ss.r5.17.t⁰·

318 2742 376 2808 25.
406 2727 578 2800 deductoe;
628 2727 805 2798 Gronovii,
846 2729 1057 2796 Reinoldiuu
1071 2739 1104 2788 et
1136 2727 1190 2788 elii
1227 2725 1340 2787 ductae.

314 2847 519 2892 TzscrevcrrE.
560 2827 714 2911 Ductor)
775 2820 986 2892 Scribenduni
1013 2828 1173 2890 diductae.
1229 2827 1354 2890 Pliniuel

291 2981 296 2988 .
316 2925 372 3016 [4,
390 2924 573 3016 5ο.[.16.]
600 2929 743 3000 modicis,
767 2910 883 3010 inquit',
905 2931 987 3013 inter
1000 2921 1039 3020 fir
1058 2929 1208 2990 diductae
1231 2923 1340 3015 [immo

312 3024 484 3118 ddrcretoe]
500 3021 644 3123 spatiis,
669 3029 727 3091 ubi
745 3031 784 3091 de
800 3030 960 3093 Orcadum
977 3013 1197 3111 Ebudurnque
1215 3035 1354 3124 numero}

313 3134 410 3220 plura*
421 3135 575 3214 quaedem
590 3133 784 3195 notavimus.
815 3151 1002 3194 eruendus.
1056 3131 1094 3192 In
1110 3130 1265 3194 omnibus
1278 3127 1354 3194 ren.

313 3254 393 3314 quae
413 3235 499 3304 vidi,
525 3233 759 3316 exemplaribus
774 3233 903 3295 vetustis
918 3231 1061 3294 scribitur
1077 3231 1209 3302 ductae,
1236 3233 1273 3293 in
1289 3249 1343 3290 uno

314 3346 440 3396 tantum
457 3333 620 3396 dedrwtae.
661 3335 825 3418 Quidquid
842 3335 1048 3406 Grammatiei
1070 3345 1268 3418 argutantur,
1290 3319 1354 3392 cer-l

245 3520 247 3528 y
312 3447 386 3496 tum
401 3436 457 3506 est,
484 3455 543 3520 pro
565 3436 681 3498 eodem
703 3433 793 3518 saepe
815 3437 914 3518 accipi
933 3435 1087 3498 vocabula
1107 3435 1201 3506 lraec,
1227 3435 1354 3516 ducturo

314 3535 481 3634 abductae,
506 3525 659 3599 deductae
673 3549 705 3598 et
719 3536 878 3602 diductae.
915 3537 1039 3599 Plinius
1063 3531 1110 3623 [c.
1128 3529 1171 3622 l.]
1195 3523 1354 3618 interprel

291 3649 399 3698 ·tatut
425 3635 589 3701 discretas.
628 3657 771 3700 voeerve.
822 3637 976 3722 Doctae)
1035 3640 1074 3700 In
1100 3637 1354 3723 controversiam}

302 3738 425 3813 ,venire
440 3739 568 3820 nequit,
591 3741 669 3820 quin
687 3742 729 3800 ita
750 3737 900 3822 scripserit
920 3739 1016 3804 Mela.
1067 3739 1144 3802 Sive
1159 3741 1192 3800 id
1208 3737 1344 3822 posuerit

311 3858 371 3922 pro
395 3839 562 3921 discretae,
591 3853 629 3934 pt
650 3843 789 3921 loquitur
808 3841 947 3912 Plinius,
978 3843 1043 3904 sive
1066 3839 1249 3925 simpliciter
1267 3859 1346 3901 ana·

215 3983 220 3994 .
247 3961 253 3974 ·
311 3953 381 4003 tura
395 3939 512 4024 positae
528 3953 560 4000 et
575 3941 722 4022 iacenter.
759 3941 858 4006 Plane
877 3955 914 4003 ut
927 3943 1065 4008 Ovidiue
1084 3941 1138 4005 lib.
1160 3941 1199 4010 2:
1212 3942 1354 4024 Metam}

310 4035 365 4130 [v.
379 4035 464 4134 asi]
494 4041 609 4102 ductae
633 4036 756 4128 [immo
780 4043 827 4104 ibi
849 4038 991 4134 pofitae]
1018 4039 1142 4140 spatiis
1162 4035 1354 4128 aequalibue

160 4129 166 4142 ’
287 4141 430 4206 Ἠοιαε.
476 4161 500 4205 1.
529 4161 743 4206 ouortovrvo.
810 4145 1015 4218 Perizonius,
1057 4159 1231 4226 praeeunte
1267 4145 1347 4205 Her·

304 4245 429 4319 molto,
468 4263 567 4326 quem
598 4245 747 4310 Viuetue·
763 4243 1001 4332 aliiquesecuti
1024 4244 1174 4322 suerunt,
1207 4247 1354 4332 malebat
