2736 4884
284 501 348 569 240
560 493 829 587 'consuetu
868 457 1042 550 matra

283 661 378 751 plane
407 669 545 754 ignorat.
594 669 683 732 Haec
708 669 839 752 quidem
862 669 1055 750 patrocinari
1079 667 1246 729 Reinoldio
1265 668 1304 728 rie'

283 772 411 832 dentur.
462 773 505 832 At
531 767 647 840 obstat,
681 772 768 852 quod
796 768 876 832 infra
903 772 942 832 ad
968 772 1108 830 Tamum
1131 769 1207 849 (ubi
1225 769 1303 830 etiam
1354 767 1360 814 3³³

282 873 409 933 Imaum
425 870 583 934 subllituit
594 873 804 949 Reinolrlius)
824 875 918 954 ponit
934 870 1077 951 Chrysen
1095 884 1128 932 et
1142 873 1180 932 ad
1192 871 1303 954 Gangen

280 973 438 1057 Argyren.
493 977 560 1034 lam
583 994 661 1036 vero
683 995 736 1038 eas
756 973 871 1036 insulae
891 987 978 1035 extra
999 973 1117 1034 ostium
1139 975 1211 1032 lndi
1229 973 1304 1054 ponit
1359 971 1360 1011 ³

280 1074 407 1137 Plinius
424 1078 456 1146 6,
480 1089 539 1154 23.
556 1074 577 1138 s.
597 1093 654 1138 er.
693 1076 807 1170 illeque
825 1097 898 1136 cum
914 1075 1051 1138 Cellario
1072 1077 1106 1134 iu
1124 1073 1238 1159 Geogr.
1254 1087 1304 1135 ant.

273 1189 318 1254 ‚35
341 1191 398 1256 23,
421 1189 482 1256 45.
506 1177 709 1258 quaesierim,
741 1176 892 1258 quorsum
916 1179 996 1268 illud
1017 1176 1133 1238 ollium
1153 1177 1303 1258 pertingat,

281 1297 355 1338 cum
378 1282 412 1340 in
433 1267 580 1360 proxime
599 1279 864 1362 praecedentibus
877 1279 1005 1340 Patalen
1021 1280 1056 1338 in
1078 1278 1151 1359 ipsis
1168 1280 1238 1338 lndi
1254 1277 1305 1336 ian·
1357 1309 1359 1314 .

1357 1257 1360 1268 ι

1359 1285 1360 1292 t

280 1380 373 1442 cibus
398 1395 651 1450 commemoret,
686 1383 772 1463 quod
795 1381 880 1463 apud
908 1381 1054 1442 austriam
1084 1379 1166 1440 inim
1190 1381 1305 1442 dicitur:
1358 1384 1360 1417 l

279 1483 369 1542 intra
393 1473 464 1572 ipsa
489 1479 580 1573 ostia
632 1485 680 1544 lta
700 1483 910 1544 Nearchus-et
929 1481 1124 1544 Onesicritus
1144 1481 1226 1562 apud
1241 1481 1305 1542 Cur·

278 1585 364 1642 tium
387 1604 441 1654 to,
464 1605 493 1654 1,
517 1605 571 1644 ιι.
594 1587 787 1649 nunciarunt
806 1605 846 1644 ex
865 1585 1071 1668 navigatione
1091 1585 1221 1655 reduces
1235 1581 1305 1650 sacti,
1358 1587 1360 1606 ‘

279 1674 416 1774 infidam
440 1683 522 1777 ostio
545 1687 649 1748 amnis
660 1677 838 1777 subiectam
855 1707 933 1746 auro
951 1684 1123 1746 charadare.
1175 1685 1306 1746 Plinium
1353 1686 1360 1774 l

278 1803 320 1846 ex
353 1805 443 1847 more
477 1785 617 1868 serprritur
649 1790 779 1850 Solinus
805 1809 832 1849 c.
860 1789 891 1852 la
919 1789 992 1848 Scio
1019 1789 1187 1866 equidem,
1225 1801 1307 1866 quam

277 1886 399 1947 lubrica
420 1889 497 1948 haec
521 1891 623 1950 videri
644 1885 769 1972 possint
783 1891 817 1949 in
838 1903 924 1949 tanta
940 1890 980 1947 de
1003 1890 1127 1948 illarum
1148 1887 1307 1948 insularum
1352 1891 1360 1944 1³

276 1989 337 2050 situ
359 1991 606 2072 disceptatione,
637 2011 732 2071 quam
758 1993 833 2051 alibi
855 1989 910 2050 stro
932 1991 1003 2051 loco
1023 1993 1233 2052 excutiemus.
1278 1989 1307 2049 Si
1359 2021 1360 2024 ¹

275 2102 386 2152 tamen
410 2090 520 2154 seriem
545 2091 785 2178 progressionis,
816 2114 912 2173 qtiam
934 2089 1008 2150 facit
1031 2091 1132 2161 Mela,
1165 2091 1306 2174 respicias,
1356 2173 1357 2177 Ἰ

274 2193 311 2253 in
338 2198 473 2276 Argyros
501 2195 576 2264 situ,
611 2211 644 2256 et
675 2196 756 2255 hanc
783 2195 918 2255 Auream
950 2191 1185 2254 Chersonesum
1215 2207 1306 2274 putes,
1359 2198 1360 2230 ³

220 2349 244 2371 v,
275 2295 403 2356 valdea
425 2295 638 2376 superioribus
661 2298 818 2378 discrepat
848 2284 973 2357 noster.¹
1003 2295 1141 2376 *Nempe
1167 2309 1254 2354 antea
1275 2294 1306 2354 ab
1359 2300 1360 2331 ³

273 2395 357 2458 Indo
377 2397 554 2480 progressus
577 2399 686 2460 Indiae
707 2399 785 2460 fines
805 2399 940 2467 indicat,
967 2397 1035 2478 poll
1054 2395 1181 2457 iniierso
1203 2397 1307 2457 ordina·
1359 2427 1360 2435 κ

265 2499 430 2580 prolixius
453 2500 599 2562 declarat.
639 2500 918 2561 Commemoravit
940 2512 1046 2574 atatem
1068 2497 1198 2568 lardum,
1229 2498 1307 2558 Gau·
1359 2513 1360 2532 ³

220 2650 224 2663 s
272 2621 343 2683 gepa,
374 2599 498 2676 Colida,
529 2589 664 2672 (Indum,
691 2619 771 2683 quae
793 2616 916 2682 praeter
938 2599 1068 2662 Cudum
1088 2601 1207 2684 singula
1227 2618 1307 2681 repe·
1358 2630 1360 2634 v

272 2715 405 2774 tuntur;
430 2701 505 2762 huic
518 2691 606 2762 enim
622 2723 708 2764 nunc
722 2698 915 2763 substituitur
935 2702 1062 2771 Taurus,
1085 2703 1172 2784 quod
1193 2721 1307 2763 nomen

272 2903 387 2966 tulisse.
439 2905 525 2967 Cum
549 2911 627 2968 reto
648 2909 790 2967 Taurum
814 2928 843 2975 1,
853 2919 925 2990 )5,
953 2923 985 2970 2.
1013 2904 1141 2974 scribat,
1174 2905 1212 2966 ab
1236 2907 1306 2966 Eois

270 3007 420 3086 litoribus
435 3005 615 3092 exsurgere,
643 3010 785 3089 adparet,
813 3009 847 3067 in
864 3027 925 3089 qua
946 3019 1033 3087 parte
1049 3009 1158 3068 indiae
1175 2987 1229 3068 liic
1246 3027 1305 3068 ver·

270 3106 377 3178 setur,
406 3109 464 3168 ubi
486 3123 593 3172 tamen
620 3112 717 3171 etiam
739 3111 835 3190 aliqui
858 3113 995 3172 Auream
1018 3107 1151 3169 insulam
1175 3123 1303 3189 ponunt,

266 3211 373 3270 ¹veluti
399 3211 571 3290 Dionyfius
593 3233 626 3274 v.
649 3223 733 3290 589.
757 3231 831 3271 oum
855 3211 933 3280 suis,
964 3213 1111 3290 itemque
1137 3209 1305 3270 Martianus

270 3311 398 3391 Capella
417 3312 474 3373 lib.
497 3313 531 3374 6.
556 3333 588 3394 p.
613 3324 695 3391 224.
749 3313 872 3395 Quodsi
904 3313 1003 3396 igitur
1036 3315 1164 3372 Imaum
1193 3313 1304 3393 ubique

270 3411 449 3491 sultllituaS,
476 3413 641 3475 evanescet
661 3413 772 3494 utique
796 3413 991 3476 difficultatis
1012 3433 1081 3495 pars
1096 3433 1161 3473 riou
1180 3417 1303 3500 exigua3

269 3533 375 3594 neque
392 3517 549 3575 tamenin
569 3517 628 3576 hac
644 3515 803 3576 librorum
825 3517 1037 3576 reluctatione
1055 3517 1197 3596 recipere
1220 3513 1302 3577 ausus

210 3693 213 3703 ι
270 3615 349 3686 sunt,
376 3617 410 3676 in
427 3618 540 3697 primis
555 3633 629 3678 cum
650 3637 686 3677 ea
704 3620 911 3698 reperiantur,
938 3637 1017 3698 quae
1035 3619 1176 3678 Tamum
1196 3620 1303 3698 aliqua·

268 3729 363 3778 tenus
377 3716 535 3788 reserant,
561 3721 611 3778 uti
625 3720 688 3778 iam
704 3719 757 3778 alii
775 3735 983 3780 monuerunt.
1034 3720 1088 3780 sic
1102 3717 1259 3781 Mercator
1273 3720 1302 3777 iu

270 3819 406 3878 Samara
438 3819 543 3880 Orofii
583 3819 742 3881 consentit
776 3836 909 3882 notante
942 3820 1064 3882 Ortelio
1099 3821 1132 3879 in
1165 3819 1301 3882 thesauro

273 3920 390 4004 Geogr.
408 3919 427 3983 s.
445 3941 477 3982 v.
507 3921 639 3993 Temos,
671 3925 727 4004 qui
749 3938 856 3982 tamen
877 3920 941 4004 ipse
957 3941 1030 3982 cum
1046 3922 1199 3984 Pintiano
1214 3920 1302 3983 Plinii

273 4019 374 4082 Tahiu
396 4023 456 4105 esse
475 4031 579 4104 putat.
632 4026 695 4086 Pro
716 4023 876 4084 Tamarus.
889 4023 1053 4106 Strabonis
1070 4023 1197 4084 Imaum
1213 4025 1301 4085 etiam

266 4125 357 4184 malit
376 4143 530 4206 reponere
547 4122 760 4188 Casaubonus.
811 4127 985 4185 Tantarum
1004 4140 1109 4184 tamen
1127 4126 1191 4186 huc
1210 4129 1300 4187 etiam

201 4243 211 4258 ²
265 4225 363 4289 refert
381 4227 532 4290 Manuert
545 4229 579 4288 in
599 4227 717 4313 Geogr.
735 4229 776 4290 T.
793 4240 827 4306 5.
847 4247 879 4310 p.
902 4239 988 4306 235.
1011 4226 1103 4288 cuiue
1121 4244 1198 4290 vera
1221 4224 1300 4286 Talis

124 2803 127 2814 '
179 2777 207 2866 Ι,
240 2793 241 2796 ¹
274 2821 349 2863 cum
367 2817 399 2864 et
419 2801 499 2864 infra
514 2809 664 2866 tueantur
681 2801 765 2874 libri,
789 2805 914 2866 Cardiam
929 2805 1058 2866 videtur
1075 2807 1306 2885 corruptionem
1359 2807 1360 2816 ’
