2830 4874
287 467 358 580 55*
469 486 473 492 ’
564 469 839 576 romanum
885 499 1050 556 mutan
1113 519 1117 524 ·

302 692 409 740 tamen
427 671 583 737 confundi
598 673 693 736 debet
710 647 783 736 ¹cnm
802 661 917 734 Onoba
934 665 1002 742 ailla,
1026 688 1121 752 quam
1138 663 1348 746 Ptolemaeus

303 779 415 866 procul
439 777 516 840 hino
542 777 576 837 in
601 777 839 842 mediterraneis
871 767 985 874 ppnit,
1028 787 1062 834 et
1095 771 1219 836 Plinius
1246 773 1344 832 etiam

299 880 476 965 distinguit.
542 879 643 938 Vnam
671 890 795 938 tautum
826 887 1084 937 commemorant
1115 875 1276 936 Antonius
1309 874 1344 932 in

213 1027 215 1036 .
303 984 375 1042 itin.
392 1001 423 1062 p.
441 1001 486 1042 m.
504 989 589 1062 431.
613 993 647 1040 et
662 979 778 1062 Geogt.
795 979 918 1039 Hauon.
930 979 971 1058 4,
988 989 1046 1058 45.
1072 996 1151 1057 quae
1166 974 1267 1056 nostra
1283 971 1345 1034 elle

201 1137 208 1144 .
249 1095 250 1100 ’
304 1083 413 1145 debet.
464 1080 591 1161 Nempe
615 1101 654 1140 ex
675 1080 917 1163 migrationibus
948 1078 1141 1159 populorum
1172 1076 1268 1136 variis
1294 1075 1346 1136 iia·
1410 1117 1411 1164 ss

264 1197 267 1208 “
304 1187 379 1247 dem
408 1181 632 1244 conditoribus
656 1179 775 1242 factum
800 1180 843 1242 est
868 1182 902 1242 in
928 1177 1093 1261 Hispania,
1127 1175 1266 1238 maxim'e
1289 1176 1348 1236 ubi

154 1268 176 1314 ‘⁸
228 1335 236 1350 ,
305 1285 444 1367 Turduli
472 1283 673 1354 habitarunt,
709 1296 746 1342 ut
768 1283 875 1363 plures
905 1283 1048 1342 eiusdem
1071 1281 1186 1342 eodem
1211 1280 1346 1340 nomine

217 1465 223 1472 .
305 1383 591 1456 urbeiserrentur.
655 1377 754 1466 Quod
781 1385 821 1444 de
847 1384 957 1461 Laepa
984 1403 1023 1443 ex
1048 1381 1156 1446 Plinio
1180 1379 1347 1462 subiungit
1410 1403 1411 1460 4

305 1483 447 1556 Volliue‚
480 1485 613 1548 obtrusit
633 1485 679 1545 illi
702 1485 766 1546 hoc
782 1467 1044 1566 Daleclrampiua
1072 1466 1145 1546 cnm
1168 1479 1243 1542 telle
1267 1482 1347 1542 Har·
1410 1461 1411 1548 l

307 1585 518 1650 turnouss
544 1586 733 1650 erraturae
755 1585 827 1648 aaa
850 1586 1036 1664 herting,
1056 1597 1088 1664 5.
1111 1582 1181 1646 r...
1212 1583 1347 1642 Latina

308 1710 376 1752 rum
393 1691 496 1770 Regio
516 1679 659 1776 Cariffit,
684 1689 868 1768 cognomine
890 1683 1029 1756 Aurelio,
1056 1688 1102 1746 uti
1124 1682 1189 1768 ipse
1210 1685 1347 1744 Hardui

120 1821 123 1830 ·
201 1785 231 1849 .'
307 1802 370 1854 nna
384 1787 534 1871 reposuit
557 1789 722 1852 neclitalt
739 1807 872 1848 nomme
885 1787 996 1848 urbem
1013 1789 1056 1848 rbr
1071 1777 1411 1848 commemorallet
1410 1811 1411 1832 ι

308 1889 445 1959 Plinius,
472 1889 613 1950 adhunc
634 1891 778 1959 tractum,
801 1892 850 1949 uti
872 1889 963 1950 series
984 1888 1087 1958 docet,
1112 1885 1351 1969 refernposlet
1410 1905 1411 1912 ¹

308 1993 456 2054 Occurrit
474 1993 603 2073 quidem
624 1993 708 2074 apud
722 1992 946 2054 Ptolemaeum
966 2009 997 2062 2,
1008 1996 1048 2074 4.
1058 1987 1184 2054 Arriam
1201 1985 1347 2078 μεγάλη,

185 2139 192 2150 .
309 2092 363 2156 tert
387 2115 426 2156 ex
447 2094 504 2154 litu
525 2113 626 2175 prope
651 2091 805 2176 Hispalim
830 2091 899 2154 satia
921 2093 1126 2178 intelligitur,
1159 2091 1269 2152 locum
1292 2091 1349 2153 hic

217 2219 219 2224 ·
307 2195 423 2258 habere
450 2215 517 2257 non
544 2194 647 2276 polle,
689 2193 793 2274 quod
790 2207 838 2256 et
865 2189 988 2256 Voffiua
1014 2195 1165 2278 agnovit,
1178 2181 1349 2252 immosr
1410 2221 1411 2224 ¹

307 2297 530 2364 Ptolemaeum
551 2315 626 2356 cum
647 2295 859 2376 Antoninop
876 2307 961 2373 411.
982 2315 1155 2377 comparer,
1181 2293 1262 2355 etin
1284 2293 1350 2374 pri·
1410 2369 1411 2378 ἦ

308 2401 371 2460 mie
388 2395 561 2490 Obuculam
579 2410 695 2466 teneat,
721 2395 835 2476 Loepa
850 2395 1025 2458 Ptolemaei
1040 2411 1071 2458 et
1086 2397 1172 2476 Ilipa
1188 2396 1349 2481 Antonini

309 2501 407 2560 unius
432 2499 542 2579 oppidi
569 2491 875 2558 diversum‘nomen
905 2495 994 2559 fuisse
1019 2500 1163 2568 videtur,
1198 2497 1353 2578 quod-er
1410 2521 1411 2544 ι

110 2633 114 2644 ·
205 2645 207 2650 -
308 2601 428 2660 iudicat
447 2597 682 2682 Welselingiua.
732 2600 774 2658 Et
789 2599 829 2660 src
845 2593 935 2681 supra
951 2585 1106 2681 Hispalim
1125 2601 1212 2659 iuxta
1230 2597 1348 2660 Baetin

185 2778 195 2790 Γ
284 2715 415 2783 ‘aperte
445 2701 523 2782 Ilipa
549 2715 712 2761 notatura
735 2699 890 2762 Strabo'ne
916 2715 947 2779 3.
968 2723 1000 2783 p.
1023 2717 1082 2780 97.
1101 2697 1123 2762 s.
1146 2710 1227 2784 142.
1261 2719 1345 2780 qnae

230 2869 232 2876 .
307 2805 405 2864 etiarn
420 2803 625 2885 intelligenda
643 2803 772 2864 videtur
786 2799 870 2892 ap'ud
884 2802 1028 2882 Plinium
1049 2815 1081 2881 3,
1100 2815 1130 2880 3.
1148 2800 1168 2864 l.
1192 2821 1222 2866 t.
1244 2820 1347 2884 prope

285 2921 289 2950 ³
309 2904 462 2975 Italicam,
494 2902 583 2965 Cum
597 2920 675 2964 vero
692 2903 749 2963 alia
761 2905 859 2965 'tetiam
875 2903 963 2986 Jiipa
978 2905 1010 2964 in
1028 2905 1194 2965 Antonino
1208 2903 1240 2985 p'.
1254 2915 1343 2981 431.

307 3023 408 3089 prope
430 3003 580 3066 Onobam
601 3001 741 3066 ‘nostran
760 2991 950 3088 reperiatur,
982 3004 1020 3065 ab
1037 3007 1096 3082 illa
1122 3005 1219 3086 priori
1241 3005 1346 3066 metli-
1393 3001 1411 3076 s

289 3119 447 3168 terranea
470 3107 665 3188 aliquantum
687 3103 854 3167 distantem
871 3119 904 3166 et
920 3103 1003 3167 infra
1025 3105 1178 3188 Hispalim
1196 3104 1283 3166 fitam
1304 3107 1346 3167 ad

205 3261 207 3266 .
306 3207 423 3271 ollium
445 3204 510 3270 sere
528 3209 631 3278 Anae,
667 3207 811 3268 haecvel
831 3207 926 3268 etiam
947 3201 1223 3290 Laepad'ictaest,
1250 3220 1283 3266 et
1304 3207 1345 3268 stc
1388 3188 1395 3205 .

91 3344 98 3367 t
221 3351 246 3382 a
305 3309 440 3392 aLaepa
464 3329 577 3393 magna
596 3309 756 3377 distincta,
782 3309 836 3368 vel
860 3311 996 3370 omniuo
1018 3309 1191 3393 legendum
1217 3305 1344 3377 Onoba,

304 3411 402 3490 Ilipa,
425 3411 510 3491 quod
527 3407 901 3471 contractionibuasactia
917 3411 1073 3491 perverlio
1092 3411 1188 3475 inlata
1208 3413 1342 3525 patitur
1364 3449 1369 3459 ι
1409 3413 1411 3422 ”

299 3509 423 3590 Htttpa
449 3511 560 3573 eadem
585 3511 628 3574 eli
656 3512 691 3572 in
718 3510 777 3572 hac
800 3507 876 3571 serie
903 3511 1020 3596 Geogr.
1050 3511 1197 3574 Rauenn.
1210 3505 1255 3590 4,
1277 3519 1341 3590 44.

186 3670 189 3676 A
303 3609 456 3676 Proxime
472 3625 579 3674 tamen
593 3612 633 3674 ad
648 3612 773 3674 codices
783 3608 915 3673 accedit
924 3613 1046 3694 Laepa,
1070 3628 1103 3674 et
1118 3611 1138 3672 sr
1154 3613 1241 3693 Ilipa
1257 3613 1343 3674 dicta

233 3778 238 3787 ,
284 3745 287 3752 ,
304 3715 400 3796 ettam
423 3713 466 3774 eil
485 3713 613 3795 Lama,
642 3725 680 3774 ut
702 3711 885 3795 obponatur
904 3735 1040 3794 magnae
1060 3715 1124 3785 illi,
1152 3715 1274 3796 optime
1293 3733 1343 3776 re·

262 3811 438 3898 “spondet
466 3827 499 3880 et
526 3814 586 3875 srtu
614 3828 648 3876 et
678 3816 812 3876 nomine
841 3814 917 3876 urba
942 3815 1040 3877 hodie
1063 3816 1179 3877 eodem
1205 3815 1342 3876 nomine
1410 3893 1411 3898 ἵ

300 3912 425 3999 (Lepe)
446 3912 632 4000 touspicua,
657 3917 705 3977 uti
718 3916 854 3977 declarat
869 3915 972 3977 tabula
991 3915 1159 4002 Hispaniae
1179 3917 1341 3988 lanvierii,

299 4017 387 4080 unde
403 4017 541 4100 adparet,
564 4018 619 4078 etst
635 4017 748 4099 Ilipam
765 4017 857 4086 hanc,
879 4017 933 4078 vel
950 4009 1086 4102 Laepam
1102 4017 1219 4081 Onoba
1234 4031 1339 4079 remo-

290 4129 372 4186 veat
387 4118 571 4181 Antoninus
587 4137 614 4182 c.
629 4119 651 4180 l.
678 4132 724 4198 30
744 4117 791 4190 Μ,
809 4117 848 4182 P.
868 4117 907 4178 ab
923 4119 1010 4181 Anae
1025 4119 1103 4181 ostio
1120 4119 1253 4201 quidem
1267 4117 1340 4182 satir

296 4217 435 4314 abstr4ffe,
468 4218 521 4284 led
543 4221 581 4282 ad
601 4239 697 4294 mare,
724 4203 812 4303 quod
834 4219 978 4308 paullum
996 4221 1072 4285 hinc
1094 4235 1209 4286 terram
1230 4221 1339 4295 intrat,
