2830 4874
217 483 259 551 ra
297 448 298 453 ‘
514 461 760 550 souronn
801 463 969 537 uersa

220 645 388 710 Pintiantle
408 653 568 722 tamquam
583 638 683 703 secem
701 641 874 721 praetulit..
892 653 925 728 et
938 637 1020 722 quali
1036 657 1135 726 manu
1151 631 1256 704 duxit.

220 751 271 814 Ad
289 749 379 808 cuiue
399 745 657 836 emendationem
680 739 759 804 factat
782 761 799 803 a
820 741 913 804 nobis
928 737 1057 804 accessio
1074 741 1125 805 est.
1179 741 1257 806 Per·

222 851 384 960 vulgatam
405 825 591 915 lectionem,
618 863 696 926 quae
720 845 839 914 mendo
861 863 929 906 non
953 857 1051 914 vacat,
1085 863 1255 931 apponam,
1306 878 1308 880 ·

223 932 271 1022 bt,
295 949 371 1030 quid
390 942 571 1029 praestitum
588 948 634 1017 fit.
657 945 746 1007 facile
763 959 926 1028 appareat.
965 943 1050 1040 Quin
1065 945 1256 1006 currzvsdea·
1350 979 1353 983 =
1406 1025 1407 1038 χ

171 1079 173 1082 ·
221 1067 278 1116 tur
299 1051 422 1120 editior,
449 1049 541 1131 cquis
561 1045 700 1118 obiacet·
729 1044 782 1106 ubi
793 1039 848 1144 fi
849 1041 968 1131 flnctus
988 1047 1139 1127 implevit.
1166 1047 1256 1108 illam

157 1187 159 1192 ·
222 1155 340 1253 operit,
376 1163 413 1211 att
437 1171 492 1210 nec
519 1152 608 1230 prius
634 1161 759 1210 teritum
790 1146 900 1210 auehit.
957 1149 1048 1210 Vntle
1073 1149 1257 1219 Pintienue.

221 1255 351 1338 r‘estigia
377 1251 517 1320 secutus,
549 1249 699 1312 iaciebat:
707 1251 811 1331 quie
836 1271 905 1314 ,cram
928 1247 1177 1312 videantur-
1205 1283 1258 1298 -

177 1343 178 1350 ἵ
221 1369 349 1420 rantum
372 1351 498 1414 abeunt.
549 1353 680 1416 Amicus
692 1353 820 1432 quadam
839 1371 931 1412 meus
947 1352 998 1412 hic
1014 1351 1180 1414 abennem
1201 1349 1256 1412 eb-

214 1451 298 1551 sunt
320 1454 550 1550 commutabat,
575 1432 687 1534 quoti,
719 1471 797 1532 quae
825 1453 934 1534 procul
962 1452 1090 1524 absunt.
1125 1468 1258 1536 propter

222 1578 319 1641 aquae
336 1551 495 1635 διᾶφανον
516 1541 646 1636 propius
662 1551 760 1616 abesse
776 1553 956 1625 videantur,
983 1558 1176 1636 experientia
1192 1575 1258 1618 ma·
1260 1565 1267 1574 '

222 1661 325 1746 gistra.
368 1653 445 1718 Nos
462 1659 535 1738 quis
554 1675 612 1738 pro
628 1653 789 1746 utribus
763 1655 924 1717 edendum
947 1659 1136 1738 curavimus,
1170 1641 1281 1720 uude*

223 1763 353 1846 vulgata
372 1758 483 1829 lectio,
508 1758 621 1820 editior
640 1758 748 1839 aquis,
773 1755 843 1818 cusa
860 1771 892 1818 et
912 1757 981 1839 post
997 1757 1115 1824 excusa.
1156 1760 1259 1842 Quod

222 1863 378 1944 seqnitur,
410 1878 465 1930 uec
490 1871 528 1920 ut
552 1861 640 1939 prius
668 1871 795 1922 rantum
817 1857 935 1930 auehit,
968 1859 1078 1921 Franc.
1101 1862 1258 1932 Sanctius,

139 1955 140 1960 ¹
184 1967 187 1974 ⁴
222 1964 307 2026 itanc
325 1963 464 2040 ueprius
482 1975 609 2028 tantum
629 1959 746 2032 ambit3
780 1961 890 2026 malim
907 1974 1015 2024 tamen
1030 1963 1150 2024 minori
1171 1983 1258 2026 com·

194 2094 196 2102 ·
222 2047 418 2134 mutatione.
446 2063 572 2124 hocerat
591 2064 679 2142 prius
701 2073 829 2122 tantum
851 2061 1009 2134 ambitum
1034 2061 1142 2126 umbit'
1167 2067 1259 2128 enim

222 2165 413 2248 compendio
434 2162 623 2234 scribebant,
657 2175 690 2224 et
707 2161 841 2224 affinitas
859 2160 978 2226 uticum
1000 2163 1111 2226 scribae
1133 2163 1259 2238 fefellit.

206 2285 262 2330 ¹ut
287 2289 343 2330 nec
369 2286 429 2348 pro
452 2267 528 2326 labec
553 2263 777 2346 exscripserint.
811 2283 989 2328 scuorrvs.
1013 2288 1015 2294 ·
1041 2267 1089 2327 lta
1112 2269 1256 2350 quidem.

157 2351 158 2358 ἵ
222 2368 443 2446 addicentibus
459 2363 584 2448 insuper
600 2366 773 2436 codicibus.
789 2366 896 2428 locum
912 2370 1033 2468 optime
1048 2370 1257 2434 constitutum

223 2471 300 2540 elle.
328 2471 425 2530 etiam
446 2468 559 2554 posteri
578 2469 715 2528 editores
731 2469 827 2538 tacito
848 2464 978 2530 adsensu
996 2472 1254 2552 comprobarunt.

224 2573 324 2656 Quod
340 2584 425 2632 recte
443 2583 555 2630 monet
568 2569 721 2632 Schottus
738 2571 777 2630 tle
793 2567 901 2640 errabit.
923 2572 991 2633 eius
1007 2575 1151 2661 exempla
1165 2575 1256 2658 plura

221 2675 299 2736 dant
314 2687 345 2736 et
357 2645 432 2734 alibi
448 2671 520 2732 libri
540 2670 647 2734 nostri.
686 2653 738 2734 cf.
756 2669 845 2752 supra
861 2673 939 2736 ad2
943 2693 1002 2743 ,r,
1022 2689 1054 2738 2.

174 2823 175 2826 ’
268 2836 396 2885 -onte
420 2822 536 2902 ripae
539 2821 558 2903 )
608 2821 747 2902 Vindob.
763 2821 980 2906 aliquando
952 2845 1027 2902 rape
1057 2825 1136 2890 Mox
1151 2827 1203 2891 etl.
1225 2849 1255 2896 1.

221 2947 277 2988 nec
296 2935 498 3008 cernerentur.
533 2925 619 2984 Tum
636 2923 808 3012 Rehdiger.
826 2923 1015 3013 ¹astituram
1038 2927 1149 2990 ethin.
1168 2931 1254 2994 Gud.

221 3026 402 3117 obstiterat.
415 3025 561 3087 exstincta
577 3025 692 3106 nempe
708 3026 823 3086 lineola
841 3025 1022 3090 transversa.
1052 3029 1126 3092 Post
1140 3017 1255 3096 Vener.

220 3121 401 3222 prospicua,
427 3126 582 3190 scribendi
604 3126 697 3211 lignis
719 3126 903 3190 commistis.

372 3335 401 3410 §.
428 3345 461 3406 7.
500 3333 540 3416 [A
569 3325 823 3416 Gortrmncpe)
874 3329 959 3392 oud.
975 3304 1069 3416 'Prog.
1086 3331 1135 3396 Ab
1152 3334 1192 3396 G.
1221 3335 1257 3398 in

128 3431 132 3444 ¹
202 3434 291 3496 edd.
310 3451 344 3512 9.
368 3448 422 3510 ¹5·
441 3454 462 3492 u
478 3431 572 3502 deest.
597 3432 683 3492 utin
700 3431 837 3494 Virrrlob.
856 3430 966 3495 terrae'.
1002 3434 1088 3496 Hinc
1105 3437 1179 3498 edd.
1197 3451 1256 3515 5ο.

191 3527 193 3534 ’
221 3548 280 3614 52.
303 3523 497 3612 procurrens,
524 3534 611 3614 quod
630 3534 747 3594 vitium
765 3531 883 3594 sustulit
901 3547 959 3614 57.
992 3535 1066 3597 Post
1081 3537 1255 3624 Rebi-liger.

220 3633 451 3724 carathabricr's.
476 3635 579 3716 qualia
597 3635 757 3716 adponere
776 3633 886 3696 solent.

295 3785 423 3868 aliis)
473 3775 618 3868 Plerique
642 3786 859 3856 Gronovieni,
892 3806 931 3847 ex
954 3791 1033 3856 meis
1055 3785 1150 3854 Paris.
1166 3807 1200 3860 2.
1219 3805 1253 3872 5.

206 3889 379 3970 Uaticani,
408 3888 492 3949 Gutl.
519 3889 610 3972 Prag.
636 3877 810 3972 llelrdiger.
834 3888 940 3948 Havn.
966 3910 1040 3950 cum
1061 3893 1133 3952 edd.
1163 3913 1191 3954 1.
1219 3911 1254 3960 2.

216 3981 256 4077 '9.
280 4005 335 4070 15.
358 3989 452 4062 ultim
477 3990 593 4072 reliqui
603 3985 695 4061 saliis,
719 3993 769 4050 uti
788 3991 944 4052 editiones
962 3991 1001 4050 ad
1023 3993 1210 4065 salianum.
1236 4015 1255 4056 a

220 4112 284 4175 quo
306 4095 360 4156 16.
385 4105 438 4168 ιδ.
459 4108 516 4156 21.
536 4107 594 4154 os.
623 4101 681 4171 24.
706 4104 765 4169 25.
788 4105 820 4152 et
843 4092 993 4174 deinceps
1015 4091 1182 4174 sequentes
1202 4115 1256 4158 ex·

219 4193 333 4257 bibent
354 4193 430 4258 altis
452 4194 585 4279 aliisque
604 4193 743 4275 populis.
793 4193 940 4274 Denique
967 4190 1088 4258 Vollius
1109 4190 1149 4262 rb
1171 4197 1256 4262 osite-
