2722 4882
110 452 130 568 J
256 500 317 568 ¹84
464 455 1005 592 *concomitantia

261 664 445 746 Haec.=ergo
469 659 509 724 nl>
527 661 611 726 Ortu
632 677 778 745 porrecta
800 663 845 726 nd
866 652 1034 753 Occirfam.
1086 658 1179 743 Quin
1204 655 1299 719 etiam

264 787 321 852 per
343 765 421 828 haec
443 765 556 835 verba,
577 783 686 848 ‘prout
708 767 845 836 restitui,
872 763 1002 855 [vectae
1023 765 1056 824 in
1080 761 1135 824 illo
1153 751 1187 854 s.
1211 781 1242 842 q.
1267 757 1300 820 0.

267 869 407 932 diotimus
417 857 489 959 sest.
524 867 581 930 Eat
602 865 662 956 tis]
688 864 858 930 certissime
877 879 982 952 patet,
1007 883 1085 926 eum
1102 878 1245 926 accurate
1260 880 1302 922 ert·

267 972 386 1056 plicare
403 966 554 1039 voluisse,
583 973 676 1050 quod·
687 973 808 1034 dixerat
822 972 879 1034 lib.
896 983 928 1048 5.
947 989 1014 1051 cap.
1031 981 1065 1046 5.
1095 965 1195 1046 Super
1208 961 1303 1026 Albin
1347 1039 1348 1056 χ

273 1071 427 1136 Codanus
447 1067 535 1160 [tirus
552 1076 677 1150 uragnis
695 1059 866 1158 pontique
880 1062 991 1164 insulis
1006 1059 1144 1159 refertus
1159 1063 1215 1160 est.
1249 1064 1319 1135 Scis
1347 1069 1348 1150 l

270 1175 348 1236 licet
370 1175 430 1234 hac
455 1191 568 1234 ornnes
589 1171 708 1236 insulae
728 1177 870 1238 redirent
890 1191 977 1235 nnnc
998 1173 1153 1232 adunam
1176 1170 1307 1232 Verum.
1347 1169 1348 1218 l

192 1267 196 1286 ⁸
273 1289 308 1344 et
329 1275 458 1338 alteram
488 1275 748 1340 Scandinoviam.
800 1277 877 1358 Quo
911 1277 1021 1336 miuus
1048 1272 1191 1348 dubites,
1228 1270 1307 1331 idem

267 1376 503 1462 *progrediendi
533 1377 611 1438 ordo
635 1375 774 1438 servatur
798 1377 855 1438 lib.
881 1393 913 1440 2.
940 1393 1006 1457 cap.
1031 1387 1064 1445 7.
1087 1367 1130 1460 [νς
1165 1367 1222 1460 m]
1255 1371 1309 1430 Stat

271 1469 353 1572 suut
374 1479 456 1538 inter
470 1474 557 1569 Iflri
569 1475 670 1570 ostien
694 1501 734 1541 ex
751 1481 803 1541 lais
822 1480 920 1540 Pence
940 1469 1099 1566 notiffima
1115 1487 1146 1534 ec
1164 1474 1306 1536 maximo.

179 1652 184 1662 ¹
278 1579 583 1643 concuciuntur
611 1593 691 1642 nota
720 1579 902 1673 posteriori..
927 1578 1152 1644 nPerizonius.
1184 1587 1308 1636 notante

279 1679 336 1743 tric
361 1681 399 1742 Α.
426 1681 612 1751 Gronovio‚
646 1685 824 1744 coniecerat
848 1671 976 1772 cessator
1017 1692 1127 1740 contra
1160 1677 1310 1758 proiectae

280 1795 407 1851 tuetur,
447 1795 502 1842 ant
531 1794 616 1844 certe
646 1801 760 1847 verum
791 1782 895 1847 censet
924 1783 1090 1843 Pontanrn
1112 1781 1147 1838 in
1171 1779 1309 1860 chorogr.

171 1879 173 1884 ⁴
281 1883 405 1946 Daniae
429 1882 524 1944 descr.
549 1905 582 1968 p.
602 1899 686 1964 717.
713 1903 773 1948 nec
789 1887 925 1947 omnino
946 1884 1050 1944 reiicit
1066 1882 1229 1963 Cuperus,
1263 1873 1311 1936 eti

286 1982 392 2050 Vecta
415 1981 512 2048 Voisti
534 1984 688 2067 praeferat
711 1990 746 2050 in
772 1985 943 2048 observatt.
960 1984 1017 2046 lib.
1040 1995 1078 2063 4.
1100 2001 1128 2044 c.
1150 1983 1185 2044 6.
1209 2001 1240 2061 p.
1259 1978 1309 2052 76.
1348 2005 1349 2056 t

282 2098 318 2154 et
339 2087 372 2146 in
393 2086 522 2172 epistola
544 2085 584 2148 ad
606 2087 680 2149 Nic.
700 2087 885 2157 Heinsrum.
920 2105 999 2168 quae
1024 2083 1137 2146 inserta
1155 2081 1313 2144 exhibetur

282 2189 320 2250 in
346 2187 524 2250 Burmanni
547 2189 677 2273 Sylloge
701 2189 902 2271 epistolarum
924 2217 973 2234 -
996 2189 1035 2248 T.
1062 2202 1095 2248 2.
1124 2185 1213 2267 epist.
1234 2193 1312 2262 4¹5·
1348 2183 1349 2238 l

284 2309 318 2372 p.
339 2287 424 2368 696.
475 2292 522 2349 lta
536 2303 619 2352 certe
639 2293 794 2370 proiectus
808 2292 925 2374 legitur
939 2291 973 2351 iu
987 2289 1134 2351 Ciceron.
1150 2288 1270 2348 Verrin.
1282 2292 1311 2360 4.
1348 2297 1349 2304 ’

281 2405 349 2470 55.
364 2393 411 2451 in.
435 2402 468 2450 et
489 2389 606 2472 inipso
624 2390 708 2454 Mela
729 2389 817 2472 supra
844 2395 872 2469 §.
892 2402 925 2472 4.
979 2392 1021 2454 At
1039 2409 1112 2450 cum
1127 2389 1211 2448 nulla
1227 2387 1314 2446 libro·

282 2511 361 2554 rum
379 2491 441 2552 fide
462 2493 597 2561 nitatur,
623 2513 684 2554 nec
702 2483 764 2554 stne
783 2494 897 2554 idonea
921 2477 1008 2554 caula
1031 2490 1172 2573 ipsorum
1195 2485 1314 2550 lectioni

289 2591 509 2661 substituatur,
542 2594 598 2654 otsr
618 2613 676 2676 per
694 2592 724 2654 sc
741 2593 882 2664 bouum,
914 2593 1045 2656 retineri
1069 2605 1178 2653 tamen
1203 2587 1312 2669 nequit.

289 2693 398 2757 Restat
420 2693 516 2777 igitur
531 2696 591 2758 ¹vel
616 2709 725 2756 vectae
746 2697 800 2769 vel
817 2686 941 2786 versae,
974 2699 1057 2756 inter
1080 2713 1160 2773 quae
1184 2689 1315 2752 fluctuari
1349 2711 1350 2790 p

288 2795 448 2883 iudicium
479 2792 584 2878 polin.
636 2795 784 2858 Vsrtatius
809 2797 888 2868 hoc,
927 2795 1115 2858 insolentius
1141 2793 1231 2856 illud.
1279 2791 1314 2851 dt
1349 2795 1350 2860 ξ

290 2915 368 2958 cum
382 2894 468 2958 Mela
486 2898 609 2978 poetica
625 2895 712 2978 saepe
729 2897 889 2982 adspergat
905 2919 970 2960 nou
986 2898 1122 2958 omnino
1138 2895 1247 2963 solum,
1273 2889 1315 2950 led
1349 2871 1350 2892 ¹

290 3013 326 3060 et
347 2996 437 3079 ‘lttpra
463 3014 494 3065 2.
519 3013 550 3076 5,
576 3013 609 3076 5.
642 3000 758 3060 codem
783 3001 884 3062 verbo
911 3013 945 3061 et
978 2999 1074 3059 bttiuc
1099 2998 1211 3078 capitis
1235 2994 1315 3055 initio
1349 3003 1350 3014 ¹

192 3115 206 3126 ·
291 3112 400 3160 evecta
422 3098 462 3158 lic
483 3098 555 3161 usus
577 3083 690 3168 suerit.
725 3103 852 3161 vitietur
872 3091 981 3190 uersae
1003 3099 1131 3160 alteriue
1153 3097 1214 3159 elle
1235 3091 1315 3180 glossa
1349 3075 1350 3088 ἵ

293 3219 336 3262 cx
350 3203 621 3282 interpretationis
636 3201 739 3263 studio
758 3216 839 3263 nata.
889 3200 993 3265 Vecta
1008 3195 1117 3268 Vossii,
1142 3219 1237 3280 quam
1253 3207 1314 3256 ante

292 3319 370 3364 eum
385 3303 448 3362 iam
463 3301 516 3361 hic
532 3303 699 3373 invenerat
712 3301 877 3366 Salmasius
894 3303 932 3362 ad
954 3290 1055 3380 Solin.
1073 3320 1139 3383 cap.
1159 3319 1178 3362 a
1184 3314 1216 3377 5.
1227 3298 1253 3360 s.
1268 3309 1315 3358 att.

178 3421 180 3426 ·
292 3421 325 3484 p.
344 3421 389 3464 ru.
412 3401 491 3476 176.
519 3422 579 3466 nec
601 3403 706 3486 postea
733 3404 929 3486 improbavit
951 3402 1097 3483 Cuperus
1118 3422 1163 3464 cc.
1186 3403 1217 3463 ll.
1244 3403 1315 3482 inge·

75 3497 77 3504 ’
292 3501 414 3566 niolam
439 3503 570 3584 quidem
592 3519 626 3567 et
648 3503 815 3588 speciosam
839 3503 941 3565 adfert
964 3505 1198 3574 coniecturam,
1237 3515 1266 3563 et
1284 3513 1315 3558 cx

293 3621 401 3666 errore
424 3604 639 3676 librariorum,
673 3607 727 3685 qui
743 3608 875 3668 nomina
892 3589 1015 3686 propria
1035 3607 1078 3664 ita
1094 3603 1184 3684 saepe
1205 3617 1316 3686 perver-

293 3716 379 3774 tunt,
406 3705 540 3790 intelligi
560 3707 677 3787 potest;
703 3721 840 3768 attamen
856 3707 1007 3790 gravibus
1024 3705 1185 3766 obsidetur
1199 3699 1316 3765 tlislicul·

294 3805 430 3877 tatibus,
457 3820 494 3866 ut
510 3805 591 3868 salva
612 3808 687 3869 state
703 3809 847 3869 minime
859 3802 964 3888 possit.
1017 3806 1141 3868 Omnes
1155 3807 1250 3873 enim,
1271 3801 1315 3882 qul

294 3906 365 3967 eius
394 3909 585 3979 meminere,
620 3909 802 3970 Britanniae
836 3910 1015 3990 proximam
1040 3906 1162 3970 faciunt
1185 3905 1314 3968 insulam.

296 4007 345 4068 Ita
361 4010 534 4070 Suetonius
548 4011 582 4070 iu
599 4009 781 4091 Vespasiano
799 4030 826 4070 c.
844 4019 878 4090 4.
911 4010 1089 4089 Eutropius
1106 4025 1139 4082 7,
1163 4006 1251 4088 19.-l.
1271 4015 1315 4080 ¹3·

289 4106 354 4180 sthi
379 4109 534 4192 l'aeanius
559 4108 715 4200 μεγίστην
741 4111 807 4174 τῶν
840 4111 1064 4198 Βρεττανικῶν
1091 4106 1194 4194 νήσων
1226 4115 1313 4168 vocat·

297 4209 471 4292 Vterque-a
486 4210 668 4297 Vespasiano
690 4226 875 4298 occupatam
889 4209 979 4276 luisse
1004 4208 1119 4274 scribit.
1159 4209 1210 4278 Cf.
1234 4211 1316 4272 deca
