2736 4884
350 427 440 488 mu
462 431 515 487 m.
545 429 600 490 o
626 413 713 492 vm.
747 427 774 503 t.
797 441 828 500 7·
1052 439 1114 510 ιη
1199 422 1212 482 .“

61 595 211 673 ditil'ilmi
230 598 321 674 lunt.
346 602 495 666 Straboni
520 603 574 666 lilr.
598 605 655 668 16.
681 599 732 692 [p.
755 600 840 684 535.
858 601 880 666 i.
899 595 1008 690 7¹73]
1042 603 1113 668 Nee

60 723 118 766 me
141 702 238 776 fallit,
265 704 434 768 memorari
451 727 467 768 e
486 707 672 770 Ptolemaeo
696 699 752 791 [6.
770 699 824 790 7.]
848 699 979 768 Arabiae
1002 716 1112 789 empo-

58 807 149 868 rium
174 806 209 866 in
229 805 341 868 Arabia
362 799 477 878 Felici,
511 821 544 870 et
560 799 768 890 'aStepbano
791 803 846 896 [h.
862 803 917 896 m]
939 805 1110 890 Plinioque

59 901 119 996 [5.
139 923 200 970 or.
217 904 239 970 l.
257 902 337 999 πμ]
368 909 489 972 Carras
509 909 640 981 urbem,
667 910 925 990 etCerraeorum
945 905 1111 972 latiffimoa

56 1021 93 1070 et
119 1005 328 1086 fertiliffimop
348 1029 477 1094 campet
498 1013 537 1092 in3
554 1011 684 1085 eadelm
724 1009 774 1072 led
797 1029 863 1072 non
892 1011 966 1072 icleo
992 1012 1110 1094 prioria

58 1107 240 1174 sententiae
257 1113 412 1192 poenitet.
449 1131 650 1176 rrurtarrve.
703 1111 834 1184 Carme,
860 1109 991 1184 Arabia,
1022 1111 1109 1174 Gan·
1178 1193 1182 1202 Ι

55 1207 201 1297 danaus)
263 1211 340 1276 Non
370 1215 454 1300 vidit
477 1215 674 1284 Pincianus.¹
695 1214 751 1278 hae
777 1227 842 1276 tam
867 1215 1106 1297 aPomponio,

53 1333 159 1396 quam
182 1333 199 1376 a
219 1305 376 1378 strabone
396 1317 430 1376 in
450 1311 636 1378 occidentali
655 1301 754 1378 l'atere
774 1315 855 1378 srnue
873 1315 987 1378 Perfioi
1002 1315 1105 1388 [latui¹

53 1433 131 1504 nora
152 1416 187 1475 in
206 1415 351 1479 orientali
371 1417 467 1480 latere
487 1419 570 1482 tinne
590 1417 732 1490 arabici3
764 1437 838 1480 curn
861 1417 944 1480 dicat
964 1417 1107 1500 Pompo·

54 1520 137 1579 uiua
160 1518 202 1578 de
224 1517 294 1603 stop
319 1517 458 1590 Perfice,
497 1521 651 1582 maiorem
676 1533 800 1602 partem
824 1519 958 1584 Sabaeot
983 1533 1113 1583 tenere.
1172 1588 1174 1594 7

54 1618 184 1700 Incipit
208 1619 296 1680 enim
319 1623 425 1702 primo
449 1641 609 1703 exponere
637 1621 718 1684 latua
741 1619 866 1683 Arabici
886 1620 987 1695 bouet
1028 1621 1109 1684 dein*

53 1719 261 1804 persequitur
279 1739 368 1782 orum
384 1723 509 1784 Arabici
526 1723 609 1785 srnue
626 1723 823 1793 orientalem,
851 1722 885 1784 id
902 1723 955 1794 alt.
982 1735 1019 1784 ut
1038 1720 1104 1805 ipse
1138 1725 1140 1731 ’
1191 1741 1196 1749 ¹

52 1824 120 1894 ait,
154 1821 404 1908 Troglodyticae
434 1824 630 1908 oppofiteam
662 1825 767 1905 aitque
791 1821 821 1884 ie
845 1825 978 1886 nomina
1007 1822 1105 1907 prilca

51 1936 228 2007 propterea
242 1942 309 1986 non
326 1932 455 2022 ponere,
466 1927 562 2007 ¹quod
576 1925 787 2010 pronunciare
803 1921 891 1988 facile
908 1924 1104 2008 non'poffet.
1146 1919 1151 1926 ⁸

52 2025 131 2087 Nec
153 2039 260 2086 tamen
284 2027 418 2110 ignoro,
452 2029 487 2088 in
510 2027 567 2090 hac
591 2047 644 2089 ora
676 2025 868 2098 Meriabam,
907 2025 1104 2090 Sabaeorum
1167 2042 1176 2048 “
1211 2074 1213 2085 .
1263 2083 1266 2090 .

53 2129 271 2208 metropolin,
293 2145 388 2209 quam
402 2131 490 2210 priua
505 2127 679 2190 Mariabam
695 2141 872 2214 vocarunt„
883 2127 924 2190 ab
938 2125 1005 2212 ipio
1020 2129 1102 2191 Stra·
1224 2161 1228 2166 ,

51 2227 147 2292 bone
164 2215 324 2292 collocari.
376 2229 420 2290 Et
434 2231 557 2294 Plinina
574 2229 634 2292 lib.
648 2228 681 2295 6.
697 2247 764 2314 cap.
786 2240 820 2308 a.
848 2225 903 2319 [6,
920 2243 978 2310 32.
989 2227 1009 2292 i.
1021 2221 1108 2316 aa]

52 2329 179 2393 Sabaei
191 2329 330 2393 Arabum
349 2329 482 2412 propter
501 2333 596 2421 thure
610 2323 769 2424 clariffimr‘
784 2329 830 2392 od
843 2343 978 2414 utroque
997 2331 1107 2395 maria·

50 2433 218 2515 porrectis
235 2430 392 2512 gentibus.
418 2463 469 2480 -··
505 2436 610 2515 Regio
630 2436 769 2496 omnium
784 2431 834 2527 ss
848 2429 1014 2500 Mariaba.
1053 2431 1103 2494 δι’·

50 2555 137 2596 num
170 2530 291 2594 obtinet
323 2525 474 2624 refertum
504 2527 617 2628 insulis
649 2526 832 2624 odorifero.
883 2551 1101 2598 crocconrvr.

51 2632 203 2712 Arabia)
255 2633 333 2696 Non
356 2653 408 2697 me
431 2635 529 2721 fugit,
566 2635 697 2699 metelle
720 2635 976 2700 Fredenandum.
1027 2636 1101 2720 Ego

50 2735 231 2820 avulgata
257 2755 324 2796 non
347 2739 472 2801 recedo.
525 2735 679 2802 Arabiam
705 2738 794 2798 enirn
819 2749 852 2799 et
877 2735 1101 2808 Eudaemono,
1168 2760 1171 2764 ·

51 2837 194 2906 Arabiae
215 2836 319 2908 urbet,
347 2841 495 2921 penitet
517 2839 670 2903 Aethione
689 2839 723 2898 in
746 2835 911 2922 Colmogr.
937 2831 993 2924 [p.
1014 2851 1100 2913 707.
1173 2887 1175 2892 .

52 2942 105 3010 acl.
123 2940 243 3002 calcem
264 2937 367 3004 Melae
388 2942 422 3002 in
444 2939 494 3007 cti.
510 2939 555 3004 Ἀ.
575 2939 719 3004 Gronov.
742 2934 871 3026 apen]
891 2952 931 3000 at
950 2939 1101 3002 Arrianae

51 3044 90 3106 in
114 3041 241 3125 periplo
264 3041 360 3103 marie
382 3041 561 3122 Erythraei.
597 3037 649 3129 [p.
678 3049 734 3124 14.
759 3033 881 3125 Huni]
921 3053 1101 3104 concurre.

51 3144 233 3234 Perperam
266 3141 344 3204 haec
376 3146 517 3206 mutarit
544 3144 728 3211 Plurimae,
767 3139 935 3206 inserendo
967 3142 1101 3204 nomina

52 3247 163 3310 aliena
186 3242 225 3308 ab
248 3243 391 3308 instituto
407 3245 521 3310 Melae.
575 3246 616 3324 Vt
636 3247 671 3306 in
695 3240 927 3326 superioribus.
959 3241 1104 3324 itaquo·
1147 3237 1149 3247 ’
1184 3288 1201 3325 ¹.

52 3365 123 3432 que
137 3346 192 3406 hic
207 3343 407 3427 prosequitur
420 3367 492 3409 orae
509 3347 685 3410 maritimae
699 3344 769 3405 loca
785 3343 963 3426 praecipua.
991 3341 1101 3430 Egrel·
1116 3333 1119 3346 ⁴

52 3449 109 3513 lue
126 3449 236 3529 itaque
251 3445 367 3508 ollium
382 3449 466 3512 stoue
481 3448 605 3526 Poulei,
630 3465 667 3508 ee
687 3457 928 3515 commemorat,
950 3463 1029 3526 quae
1045 3446 1104 3508 sato

51 3549 133 3615 lunt
155 3549 195 3612 ad
218 3567 288 3610 eam
305 3548 435 3612 Arabiae
457 3564 589 3634 partem,
615 3567 694 3630 quae
714 3545 796 3610 linui
813 3545 947 3608 Arabico
967 3545 1100 3610 adiacet·
1194 3538 1196 3544 ’

53 3653 169 3716 liniue
183 3664 292 3712 autern
305 3651 390 3714 linur
406 3653 603 3734 principium
619 3649 745 3724 faciunt.
754 3645 956 3726 Mollylicum
969 3647 1102 3712 Aethio·

54 3757 133 3838 piac
154 3758 427 3836 promuntorium.
462 3767 495 3816 et
514 3751 649 3814 alterurn
669 3751 699 3812 ei
715 3751 750 3812 in
767 3747 878 3813 Arabia
900 3748 1099 3832 opposrtum.
1157 3772 1161 3782 ¹

52 3859 147 3940 quod
167 3851 256 3919 cabo
272 3853 311 3914 cle
326 3857 487 3938 Forteque
504 3853 604 3939 vulgo
625 3852 819 3916 nominatur.
872 3850 986 3912 Errant
999 3851 1100 3923 eninr.

53 3963 114 4042 qni
138 3957 222 4019 frona
235 3955 369 4038 ”Arabici
394 3957 526 4018 initium
555 3965 683 4038 ponnut
702 3953 742 4014 ad
764 3949 1007 4024 Babel'mandel.
1042 3952 1103 4015 ubi
1143 4009 1145 4016 .
1282 4005 1285 4016 .

54 4055 293 4146 angustiffirnua
319 4057 372 4120 est.
430 4057 662 4120 Promontorlo
687 4071 765 4116 vero
797 4053 951 4136 Forteque
981 4053 1104 4118 adiacet

52 4163 217 4250 oppidum
235 4160 334 4235 cane,
360 4173 398 4224 ot
412 4159 575 4226 manifeste
593 4168 776 4262 exauctare
794 4157 912 4242 peripli
928 4153 1102 4240 Erythraei
1206 4227 1216 4240 s
