2722 4882
238 505 240 514 ’
275 455 335 562 ne
400 523 403 544 ‹
571 497 817 562 rourourr
859 501 1051 562 neuru-

273 677 361 762 porit
381 685 504 757 partem
527 674 700 736 euocanda
721 673 792 740 ell'e.
845 675 916 738 Nec
937 677 996 749 est,
1030 679 1117 761 quoti
1140 679 1184 742 de
1205 676 1312 742 liniltra

273 798 373 843 manu
394 797 591 860 quaeramus.
618 769 866 868 tpuamnmirrime
882 781 1029 865 adtingit,
1056 801 1129 842 cum
1145 780 1312 862 sequentia,

274 903 369 944 arcus
385 877 517 947 tendere,
544 875 661 969 hostem
676 871 780 967 ferire
797 880 835 940 ad
853 881 998 944 dextram
1013 885 1107 944 unice
1124 884 1312 964 pertineant,
1352 945 1353 948 ,

179 1033 182 1042 ,
274 985 473 1064 omninoque
494 980 620 1040 dextrae
638 976 711 1042 uiue
731 982 889 1066 inpugna
906 983 942 1044 fit
965 987 1164 1066 praecipuus.
1219 986 1312 1068 Igitur

274 1105 389 1148 uranus
413 1082 457 1144 est
480 1082 606 1150 dextra,
637 1096 767 1161 peenas,
800 1084 887 1164 quod
908 1086 998 1146 virile
1016 1087 1067 1157 fir,
1100 1087 1144 1150 est
1169 1087 1311 1148 dextrum

272 1189 405 1272 propter
428 1184 565 1270 adoliam
583 1203 758 1246 mammam
775 1186 931 1250 dextram.
984 1190 1032 1250 lta
1052 1202 1160 1250 antem
1183 1179 1313 1280 castrare

166 1293 173 1315 ¹
272 1291 421 1356 ufitatum
444 1285 522 1356 elie,
549 1286 705 1366 exemplis
723 1287 797 1348 alibi
818 1289 1012 1369 probabitur.
1066 1291 1131 1352 Etsi
1151 1293 1254 1361 enim,
1280 1301 1312 1348 ut

271 1393 377 1476 aliqua
395 1388 479 1472 'inde
503 1387 659 1458 delibem,
691 1389 792 1468 potest
809 1387 868 1452 ella
889 1404 920 1452 et
941 1412 1016 1452 vere
1034 1382 1236 1474 explicatur.
1262 1390 1313 1449 ubi

174 1531 175 1536 κ
273 1512 375 1558 nexuit
400 1488 477 1558 lert,
504 1488 640 1558 nudare,
669 1489 828 1568 expedire,
843 1489 939 1581 ,veste
959 1492 1105 1562 liberare,
1131 1477 1172 1554 ile
1198 1511 1261 1574 quo
1276 1489 1312 1553 cl.

270 1607 396 1678 praeter
418 1592 496 1652 alioe
521 1591 664 1652 Davifiue
680 1605 713 1651 et
732 1590 942 1676 Oudendorp.
967 1581 1008 1659 acl
1028 1597 1088 1659 lul.
1109 1594 1198 1660 eaet.
1222 1598 1260 1654 tle
1278 1593 1311 1654 ll.

274 1698 315 1758 G.
336 1709 369 1770 7,
389 1705 447 1769 50.
474 1706 506 1753 et
525 1690 668 1753 Ouwens
691 1714 723 1775 p.
744 1707 828 1772 309.
846 1715 872 1756 c.
894 1697 914 1758 1.
939 1689 993 1756 hie
1011 1710 1118 1760 tamen
1133 1685 1313 1758 nihil'aliud

272 1799 360 1866 vult,
384 1815 478 1876 quom
499 1778 696 1878 protrudere,
715 1789 876 1885 proferre.
902 1798 1075 1868 extendere,
1102 1813 1136 1860 et
1153 1799 1195 1860 fic
1211 1798 1313 1859 diflert

271 1903 370 1964 etiam
385 1917 401 1958 a
419 1897 548 1966 nudare,
579 1909 616 1956 ut
638 1895 720 1958 bene
736 1897 846 1960 docuit
866 1912 901 1960 et
922 1901 1045 1980 prolixe
1066 1901 1170 1962 Walle
1193 1901 1233 1962 ad
1256 1899 1312 1960 Sal·

183 2069 185 2078 ,
272 2002 342 2094 lust.
361 1999 455 2063 Catil.
478 1994 581 2077 0244.
634 1998 765 2060 Poterat
781 2002 892 2079 ntique
914 2002 1020 2070 verba,
1051 2023 1133 2086 quae
1144 1992 1310 2094 'exsenium

55 2107 58 2118 ’
160 2135 164 2144 ·
272 2106 435 2172 omittere,
463 2098 525 2170 reo,
546 2105 627 2160 'cunr
645 2118 680 2160 ea
694 2101 804 2168 nmilia
821 2102 892 2170 elle.
915 2103 1042 2166 codices
1055 2105 1242 2172 reclament.
1264 2121 1311 2162 ex·

118 2265 160 2284 .-
271 2207 434 2290 plicationi
457 2201 600 2262 uberiori
623 2199 776 2262 inservire
799 2199 885 2264 lllela
908 2204 1020 2266 voluit.
1075 2206 1219 2284 Minime
1241 2220 1321 2266 veru.

259 2308 312 2369 :fic
333 2326 416 2388 opus
432 2303 475 2365 est
496 2321 576 2382 qzrae
594 2315 715 2362 murare
733 2305 768 2363 iu
788 2323 864 2385 qua.
891 2325 985 2386 quam
1009 2307 1198 2389 particulam
1215 2305 1312 2368 noller

240 2437 243 2444 2
270 2411 307 2476 in
335 2405 520 2468 denotando
545 2404 653 2484 potius
678 2402 736 2462 situ
761 2402 907 2486 usurpare
933 2405 1023 2470 l‘olet.
1076 2409 1186 2476 Multo
1209 2412 1310 2472 minua

158 2544 163 2558 .
265 2510 416 2572 exteritur
439 2503 514 2565 ferri
535 2503 654 2584 potell,
690 2506 777 2586 quorl
797 2509 831 2566 iu
855 2507 917 2569 hoc
936 2494 1022 2572 nexu
1043 2512 1137 2584 valde
1159 2513 1310 2596 langueat.

236 2611 405 2686 &vadiani
426 2605 588 2671 licentiam
609 2600 694 2666 recte
717 2610 866 2670 contudit
889 2612 1067 2674 l’intiauue.
1127 2611 1207 2674 Non
1229 2611 1310 2673 enim

253 2712 375 2795 ¹[olum
396 2710 497 2773 aliena
515 2705 557 2784 est
573 2705 641 2767 eius
662 2707 758 2768 lectio
779 2729 796 2770 a
819 2710 994 2794 Pomponii
1012 2711 1133 2797 forma,
1167 2715 1225 2794 qui
1248 2730 1309 2772 nou

90 2799 104 2903 Γ
176 2862 178 2866 .
271 2816 306 2876 in
330 2807 609 2896 consecutionibus
630 2817 757 2880 reruni,
784 2808 835 2872 led
856 2814 890 2886 iu
907 2833 1018 2874 earum
1036 2817 1244 2878 incrementis
1261 2814 1308 2872 tle·

212 2945 214 2954 ¹
270 2914 422 2978 claranrlie
445 2909 495 2970 illa
519 2910 673 2992 particula
697 2912 814 2982 utitur,
830 2979 834 2986 ,
849 2912 901 2976 sed
926 2927 959 2976 et
981 2917 1124 2996 proxime
1142 2909 1308 2998 praeceffit.

272 3020 364 3082 Idem
385 3014 442 3076 libi
459 3009 608 3072 sumserat
625 3011 782 3076 Vadiauue
805 3035 816 3074 ι
823 3057 834 3088 ,
859 3036 890 3088 r,
909 3032 943 3080 u.
970 3018 1026 3079 ubi
1042 3015 1081 3082 cl.
1099 3033 1221 3082 notata.
1255 3016 1308 3076 Le·

265 3121 362 3184 'viora
384 3117 442 3178 alia
464 3129 642 3198 praetereo.
724 3152 725 3155 =
811 3130 816 3160 ¹
986 3109 988 3116 ’

270 3354 273 3368 ,
435 3297 466 3372 §.
491 3282 539 3370 ’3.
588 3290 831 3375 puellaria)
881 3293 1069 3360 Vindobon.
1104 3295 1176 3362 latia
1210 3291 1307 3380 pueri·

271 3399 343 3459 liter
360 3395 495 3476 puerilia
515 3407 548 3455 et
566 3385 741 3483 postserra
759 3385 817 3478 pro
830 3384 942 3484 ferire.
980 3399 1103 3480 Lepide
1118 3400 1206 3460 idern
1221 3391 1305 3458 adnl-

170 3501 172 3503 ’
270 3513 410 3564 terarum
436 3513 494 3580 pro
523 3483 707 3556 adultarum
713 3516 728 3569 ς
765 3508 838 3557 tum
863 3495 954 3572 idem
991 3499 1099 3564 Havu.
1122 3495 1306 3592 profligatio

117 3643 122 3668 .
219 3623 224 3636 ’
269 3597 435 3668 habeatur.
1179 3597 1182 3600 ’

346 3749 499 3814 poenae
506 3727 524 3808 )
574 3729 675 3794 Vatic.
692 3743 724 3809 5.
747 3729 868 3796 Venet.‘
884 3731 1059 3818 Rehdiger.
1077 3733 1184 3798 Havn.
1203 3731 1304 3798 Cibin.

270 3833 411 3920 Vindob.
437 3829 520 3912 Lipl.
545 3833 628 3900 Gud.
654 3832 747 3914 Prag.
776 3853 856 3895 ran.
874 3835 909 3894 iu
933 3834 984 3896 ed.
1003 3851 1060 3914 29.
1086 3855 1160 3898 curn
1185 3835 1256 3900 edd.
1278 3851 1302 3888 ι.

271 3952 306 4000 2.
324 3955 358 4016 9.
380 3953 435 4000 rt.
455 3947 510 4012 15.
532 3953 545 3996 t
552 3951 587 4012 9.
609 3955 688 4014 pene
706 3953 763 4014 pro
782 3954 911 4013 poenae,
937 3925 1024 4015 quoti
1040 3937 1303 4020 ‹tant-pleraeque,

270 4033 359 4101 etex
376 4033 538 4100 codicibus
554 4033 671 4098 Zalulc.
697 4021 741 4104 et.
765 4049 859 4116 puto,
882 4035 948 4098 elii.
1001 4038 1134 4120 Aliquae
1156 4040 1228 4102 edd.
1248 4047 1301 4116 50·
1351 4025 1352 4032 '

272 4153 331 4219 52.
357 4154 416 4218 37.
440 4139 517 4199 dant
543 4157 657 4216 poena.
707 4136 750 4200 At
772 4136 901 4222 vulgata
925 4137 1022 4202 lectio
1048 4139 1130 4204 bene
1157 4139 1252 4208 habet
1273 4139 1302 4196 rt

270 4242 385 4306 Latino
408 4239 467 4304 ulu
489 4238 615 4304 nititur.
777 4285 788 4300 .
853 4221 856 4240 '
1115 4249 1117 4251 ’
