<?xml version="1.0" encoding="UTF-8"?>
<!DOCTYPE html PUBLIC "-//W3C//DTD XHTML 1.0 Transitional//EN"
    "http://www.w3.org/TR/xhtml1/DTD/xhtml1-transitional.dtd">
<html xmlns="http://www.w3.org/1999/xhtml" xml:lang="en" lang="en">
 <head>
  <title>
</title>
<meta http-equiv="Content-Type" content="text/html;charset=utf-8" />
  <meta name='ocr-system' content='tesseract 3.04.00' />
  <meta name='ocr-capabilities' content='ocr_page ocr_carea ocr_par ocr_line ocrx_word'/>
</head>
<body>
  <div class='ocr_page' id='page_1' title='image "./desitvorbislibr03melagoog_0048.png"; bbox 0 0 2822 4878; ppageno 0'>
   <div class='ocr_carea' id='block_1_1' title="bbox 200 330 995 458">
    <p class='ocr_par' dir='ltr' id='par_1_1' title="bbox 200 330 995 458">
     <span class='ocr_line' id='line_1_1' title="bbox 200 330 995 458; baseline -0.005 -22"><span class='ocrx_word' id='word_1_1' title='bbox 200 330 208 349; x_wconf 58' lang='lat'><strong>⁴</strong></span> <span class='ocrx_word' id='word_1_2' title='bbox 243 387 284 458; x_wconf 66' lang='grc' dir='ltr'><strong>ιο</strong></span> <span class='ocrx_word' id='word_1_3' title='bbox 550 377 798 438; x_wconf 76' lang='grc' dir='ltr'><strong>ἰοιιιοιιιι</strong></span> <span class='ocrx_word' id='word_1_4' title='bbox 835 376 995 434; x_wconf 70' lang='lat' dir='ltr'><strong>unuin</strong></span> 
     </span>
    </p>
   </div>
   <div class='ocr_carea' id='block_1_2' title="bbox 151 542 1301 1648">
    <p class='ocr_par' dir='ltr' id='par_1_2' title="bbox 160 542 1287 742">
     <span class='ocr_line' id='line_1_2' title="bbox 326 542 1287 642; baseline -0.01 -28"><span class='ocrx_word' id='word_1_5' title='bbox 326 549 568 633; x_wconf 77' lang='lat' dir='ltr'><strong><em>etiamnum)</em></strong></span> <span class='ocrx_word' id='word_1_6' title='bbox 593 552 766 623; x_wconf 82' lang='lat' dir='ltr'><strong>Vaticani,</strong></span> <span class='ocrx_word' id='word_1_7' title='bbox 774 551 882 615; x_wconf 91' lang='lat' dir='ltr'><strong>Cibin.</strong></span> <span class='ocrx_word' id='word_1_8' title='bbox 904 550 1074 642; x_wconf 75' lang='lat' dir='ltr'><strong>liehdiger.</strong></span> <span class='ocrx_word' id='word_1_9' title='bbox 1091 547 1182 630; x_wconf 77' lang='lat' dir='ltr'><strong>Prug.</strong></span> <span class='ocrx_word' id='word_1_10' title='bbox 1200 542 1287 627; x_wconf 82' lang='lat' dir='ltr'><strong>Lipt.</strong></span> 
     </span>
     <span class='ocr_line' id='line_1_3' title="bbox 160 641 1289 742; baseline -0.011 -23"><span class='ocrx_word' id='word_1_11' title='bbox 160 725 163 736; x_wconf 33' lang='lat'>¹</span> <span class='ocrx_word' id='word_1_12' title='bbox 255 655 340 718; x_wconf 85' lang='lat' dir='ltr'><strong>Gud.</strong></span> <span class='ocrx_word' id='word_1_13' title='bbox 365 652 460 718; x_wconf 83' lang='lat' dir='ltr'><strong>Perii.</strong></span> <span class='ocrx_word' id='word_1_14' title='bbox 487 672 517 716; x_wconf 86' lang='grc'><strong>2.</strong></span> <span class='ocrx_word' id='word_1_15' title='bbox 540 669 573 732; x_wconf 97' lang='grc'><strong>5.</strong></span> <span class='ocrx_word' id='word_1_16' title='bbox 602 641 713 717; x_wconf 81' lang='lat' dir='ltr'><strong>Vener.</strong></span> <span class='ocrx_word' id='word_1_17' title='bbox 745 656 849 716; x_wconf 81' lang='lat' dir='ltr'><strong>Hero.</strong></span> <span class='ocrx_word' id='word_1_18' title='bbox 872 665 903 713; x_wconf 82' lang='lat' dir='ltr'><strong>et</strong></span> <span class='ocrx_word' id='word_1_19' title='bbox 926 643 1098 742; x_wconf 64' lang='lat' dir='ltr'><strong>leucosiam</strong></span> <span class='ocrx_word' id='word_1_20' title='bbox 1131 645 1227 711; x_wconf 79' lang='lat' dir='ltr'><strong>Parii.</strong></span> <span class='ocrx_word' id='word_1_21' title='bbox 1257 665 1289 707; x_wconf 90' lang='lat'><strong>1.</strong></span> 
     </span>
    </p>

    <p class='ocr_par' dir='ltr' id='par_1_3' title="bbox 151 746 1301 1648">
     <span class='ocr_line' id='line_1_4' title="bbox 230 746 1291 847; baseline -0.008 -31"><span class='ocrx_word' id='word_1_22' title='bbox 230 755 439 818; x_wconf 87' lang='lat' dir='ltr'><strong>.Viudobon.</strong></span> <span class='ocrx_word' id='word_1_23' title='bbox 455 746 536 846; x_wconf 82' lang='lat' dir='ltr'><strong>sunt</strong></span> <span class='ocrx_word' id='word_1_24' title='bbox 556 748 728 847; x_wconf 82' lang='lat' dir='ltr'><strong>larrasum3</strong></span> <span class='ocrx_word' id='word_1_25' title='bbox 760 751 964 818; x_wconf 80' lang='lat' dir='ltr'><strong>Boccetiuel.</strong></span> <span class='ocrx_word' id='word_1_26' title='bbox 984 775 1015 814; x_wconf 90' lang='lat' dir='ltr'><strong>v.</strong></span> <span class='ocrx_word' id='word_1_27' title='bbox 1039 751 1185 834; x_wconf 79' lang='lat' dir='ltr'><strong>{spanum</strong></span> <span class='ocrx_word' id='word_1_28' title='bbox 1203 766 1291 808; x_wconf 84' lang='lat' dir='ltr'><strong>mere</strong></span> 
     </span>
     <span class='ocr_line' id='line_1_5' title="bbox 151 843 1290 948; baseline -0.012 -27"><span class='ocrx_word' id='word_1_29' title='bbox 151 851 160 914; x_wconf 75' lang='lat'><strong>.&#39;</strong></span> <span class='ocrx_word' id='word_1_30' title='bbox 255 849 412 948; x_wconf 77' lang='lat' dir='ltr'><strong>Iaouus;</strong></span> <span class='ocrx_word' id='word_1_31' title='bbox 438 855 584 936; x_wconf 82' lang='lat' dir='ltr'><strong>Cieccpn</strong></span> <span class='ocrx_word' id='word_1_32' title='bbox 597 875 685 920; x_wconf 73' lang='lat' dir='ltr'><strong>ornus</strong></span> <span class='ocrx_word' id='word_1_33' title='bbox 701 872 732 918; x_wconf 82' lang='lat' dir='ltr'><strong>et</strong></span> <span class='ocrx_word' id='word_1_34' title='bbox 749 879 848 928; x_wconf 86' lang='lat' dir='ltr'><strong>nuuc,</strong></span> <span class='ocrx_word' id='word_1_35' title='bbox 872 857 948 917; x_wconf 79' lang='lat' dir='ltr'><strong>alter</strong></span> <span class='ocrx_word' id='word_1_36' title='bbox 965 855 1061 915; x_wconf 82' lang='lat' dir='ltr'><strong>elium</strong></span> <span class='ocrx_word' id='word_1_37' title='bbox 1077 873 1171 912; x_wconf 77' lang='lat' dir='ltr'><strong>nrtnc.</strong></span> <span class='ocrx_word' id='word_1_38' title='bbox 1203 843 1290 910; x_wconf 87' lang='lat' dir='ltr'><strong>Edd.</strong></span> 
     </span>
     <span class='ocr_line' id='line_1_6' title="bbox 260 951 1291 1038; baseline -0.012 -14"><span class='ocrx_word' id='word_1_39' title='bbox 260 951 1291 1038; x_wconf 69' lang='lat'>12545673910111210141618</span> 
     </span>
     <span class='ocr_line' id='line_1_7' title="bbox 260 1053 1297 1139; baseline -0.013 -16"><span class='ocrx_word' id='word_1_40' title='bbox 260 1075 318 1124; x_wconf 77' lang='lat'><strong>21.</strong></span> <span class='ocrx_word' id='word_1_41' title='bbox 346 1079 401 1123; x_wconf 85' lang='lat'><strong>22.</strong></span> <span class='ocrx_word' id='word_1_42' title='bbox 428 1053 487 1139; x_wconf 78' lang='grc'><strong>24.</strong></span> <span class='ocrx_word' id='word_1_43' title='bbox 512 1073 571 1135; x_wconf 80' lang='grc'><strong>25.</strong></span> <span class='ocrx_word' id='word_1_44' title='bbox 596 1061 762 1130; x_wconf 78' lang='lat' dir='ltr'><strong>Vedianae.</strong></span> <span class='ocrx_word' id='word_1_45' title='bbox 794 1060 1003 1124; x_wconf 84' lang='lat' dir='ltr'><strong>Olivarianee.</strong></span> <span class='ocrx_word' id='word_1_46' title='bbox 1030 1057 1164 1116; x_wconf 81' lang='lat' dir='ltr'><strong>Vinetue</strong></span> <span class='ocrx_word' id='word_1_47' title='bbox 1186 1065 1217 1112; x_wconf 86' lang='lat' dir='ltr'><strong>et</strong></span> <span class='ocrx_word' id='word_1_48' title='bbox 1237 1053 1297 1111; x_wconf 84' lang='lat' dir='ltr'><strong>Ia·</strong></span> 
     </span>
     <span class='ocr_line' id='line_1_8' title="bbox 258 1151 1297 1252; baseline -0.012 -28"><span class='ocrx_word' id='word_1_49' title='bbox 258 1153 388 1252; x_wconf 67' lang='lat' dir='ltr'><strong>nasumt</strong></span> <span class='ocrx_word' id='word_1_50' title='bbox 420 1173 481 1252; x_wconf 66' lang='lat' dir='ltr'><strong>i5.</strong></span> <span class='ocrx_word' id='word_1_51' title='bbox 512 1175 564 1236; x_wconf 84' lang='lat'><strong>17.</strong></span> <span class='ocrx_word' id='word_1_52' title='bbox 584 1177 642 1224; x_wconf 84' lang='grc' dir='ltr'><strong>2ο.</strong></span> <span class='ocrx_word' id='word_1_53' title='bbox 669 1177 728 1241; x_wconf 83' lang='grc'><strong>25.</strong></span> <span class='ocrx_word' id='word_1_54' title='bbox 751 1175 781 1222; x_wconf 85' lang='lat' dir='ltr'><strong>et</strong></span> <span class='ocrx_word' id='word_1_55' title='bbox 802 1151 983 1252; x_wconf 78' lang='lat' dir='ltr'><strong>Lanusum;</strong></span> <span class='ocrx_word' id='word_1_56' title='bbox 1014 1157 1164 1220; x_wconf 73' lang='lat' dir='ltr'>schottus</span> <span class='ocrx_word' id='word_1_57' title='bbox 1183 1155 1297 1214; x_wconf 86' lang='lat' dir='ltr'><strong>etiam·</strong></span> 
     </span>
     <span class='ocr_line' id='line_1_9' title="bbox 259 1255 1297 1345; baseline -0.008 -21"><span class='ocrx_word' id='word_1_58' title='bbox 259 1284 361 1336; x_wconf 81' lang='lat' dir='ltr'><strong>uunc3</strong></span> <span class='ocrx_word' id='word_1_59' title='bbox 393 1258 537 1332; x_wconf 66' lang='lat' dir='ltr'><strong>Votum,</strong></span> <span class='ocrx_word' id='word_1_60' title='bbox 569 1265 684 1345; x_wconf 83' lang='lat' dir='ltr'>reliqui</span> <span class='ocrx_word' id='word_1_61' title='bbox 708 1265 888 1324; x_wconf 80' lang='lat' dir='ltr'><strong><em>etiamnum.</em></strong></span> <span class='ocrx_word' id='word_1_62' title='bbox 923 1277 1128 1322; x_wconf 77' lang='lat' dir='ltr'><strong>uzecuvcun.</strong></span> <span class='ocrx_word' id='word_1_63' title='bbox 1180 1255 1297 1316; x_wconf 84' lang='lat' dir='ltr'><strong>Etiam</strong></span> 
     </span>
     <span class='ocr_line' id='line_1_10' title="bbox 260 1355 1297 1448; baseline -0.008 -22"><span class='ocrx_word' id='word_1_64' title='bbox 260 1385 336 1426; x_wconf 84' lang='lat' dir='ltr'><strong>num</strong></span> <span class='ocrx_word' id='word_1_65' title='bbox 358 1355 496 1425; x_wconf 81' lang='lat' dir='ltr'><strong>Celticae</strong></span> <span class='ocrx_word' id='word_1_66' title='bbox 516 1355 640 1448; x_wconf 78' lang='lat' dir='ltr'><strong>gentis)</strong></span> <span class='ocrx_word' id='word_1_67' title='bbox 692 1365 774 1424; x_wconf 80' lang='lat' dir='ltr'><strong>Nam</strong></span> <span class='ocrx_word' id='word_1_68' title='bbox 800 1365 896 1444; x_wconf 86' lang='lat' dir='ltr'><strong>paulo</strong></span> <span class='ocrx_word' id='word_1_69' title='bbox 917 1377 989 1423; x_wconf 80' lang='lat' dir='ltr'><strong>urite</strong></span> <span class='ocrx_word' id='word_1_70' title='bbox 1012 1361 1132 1422; x_wconf 80' lang='lat' dir='ltr'><strong>dixerat</strong></span> <span class='ocrx_word' id='word_1_71' title='bbox 1154 1357 1297 1446; x_wconf 80' lang='lat' dir='ltr'><strong>Celticos</strong></span> 
     </span>
     <span class='ocr_line' id='line_1_11' title="bbox 260 1461 1299 1548; baseline -0.006 -24"><span class='ocrx_word' id='word_1_72' title='bbox 260 1465 399 1548; x_wconf 74' lang='lat' dir='ltr'><strong>populos</strong></span> <span class='ocrx_word' id='word_1_73' title='bbox 418 1466 514 1547; x_wconf 85' lang='lat' dir='ltr'><strong>longe</strong></span> <span class='ocrx_word' id='word_1_74' title='bbox 537 1479 645 1528; x_wconf 86' lang='lat' dir='ltr'><strong>tenere</strong></span> <span class='ocrx_word' id='word_1_75' title='bbox 665 1486 752 1528; x_wconf 89' lang='lat' dir='ltr'><strong>oram</strong></span> <span class='ocrx_word' id='word_1_76' title='bbox 778 1465 962 1546; x_wconf 80' lang='lat' dir='ltr'>Hispaniae,</span> <span class='ocrx_word' id='word_1_77' title='bbox 996 1483 1074 1543; x_wconf 83' lang='lat' dir='ltr'><strong>quae</strong></span> <span class='ocrx_word' id='word_1_78' title='bbox 1097 1461 1299 1522; x_wconf 84' lang='lat' dir='ltr'><strong>occidentem</strong></span> 
     </span>
     <span class='ocr_line' id='line_1_12' title="bbox 261 1547 1301 1648; baseline -0.008 -22"><span class='ocrx_word' id='word_1_79' title='bbox 261 1564 380 1647; x_wconf 77' lang='lat' dir='ltr'><strong>spectat</strong></span> <span class='ocrx_word' id='word_1_80' title='bbox 405 1587 502 1646; x_wconf 76' lang='lat' dir='ltr'><strong>urique</strong></span> <span class='ocrx_word' id='word_1_81' title='bbox 529 1568 566 1626; x_wconf 87' lang='lat' dir='ltr'><strong>ad</strong></span> <span class='ocrx_word' id='word_1_82' title='bbox 594 1567 753 1628; x_wconf 88' lang='lat' dir='ltr'><strong>Celticum</strong></span> <span class='ocrx_word' id='word_1_83' title='bbox 778 1547 1055 1648; x_wconf 84' lang='lat' dir='ltr'><strong>promontorium,</strong></span> <span class='ocrx_word' id='word_1_84' title='bbox 1085 1561 1301 1624; x_wconf 63' lang='lat' dir='ltr'><strong>communen}</strong></span> 
     </span>
    </p>
   </div>
   <div class='ocr_carea' id='block_1_3' title="bbox 165 1663 1301 1750">
    <p class='ocr_par' dir='ltr' id='par_1_4' title="bbox 165 1663 1301 1750">
     <span class='ocr_line' id='line_1_13' title="bbox 165 1663 1301 1750; baseline -0.004 -23"><span class='ocrx_word' id='word_1_85' title='bbox 165 1692 169 1700; x_wconf 64' lang='lat'>¹</span> <span class='ocrx_word' id='word_1_86' title='bbox 263 1667 417 1750; x_wconf 84' lang='lat' dir='ltr'>angulum</span> <span class='ocrx_word' id='word_1_87' title='bbox 444 1669 608 1747; x_wconf 68' lang='lat' dir='ltr'><strong>utriusque</strong></span> <span class='ocrx_word' id='word_1_88' title='bbox 638 1689 709 1729; x_wconf 87' lang='lat' dir='ltr'><strong>orae</strong></span> <span class='ocrx_word' id='word_1_89' title='bbox 737 1669 938 1728; x_wconf 81' lang='lat' dir='ltr'><strong>occidentalis</strong></span> <span class='ocrx_word' id='word_1_90' title='bbox 968 1679 999 1730; x_wconf 86' lang='lat' dir='ltr'><strong>et</strong></span> <span class='ocrx_word' id='word_1_91' title='bbox 1024 1663 1301 1746; x_wconf 77' lang='lat' dir='ltr'><strong>septemtrionalis.</strong></span> 
     </span>
    </p>
   </div>
   <div class='ocr_carea' id='block_1_4' title="bbox 263 1763 1304 2448">
    <p class='ocr_par' dir='ltr' id='par_1_5' title="bbox 263 1763 1304 2448">
     <span class='ocr_line' id='line_1_14' title="bbox 263 1763 1301 1852; baseline -0.007 -23"><span class='ocrx_word' id='word_1_92' title='bbox 263 1763 362 1829; x_wconf 86' lang='lat' dir='ltr'><strong>Nunc</strong></span> <span class='ocrx_word' id='word_1_93' title='bbox 379 1781 484 1827; x_wconf 88' lang='lat' dir='ltr'><strong>autem</strong></span> <span class='ocrx_word' id='word_1_94' title='bbox 499 1768 637 1830; x_wconf 81' lang='lat' dir='ltr'><strong>referens</strong></span> <span class='ocrx_word' id='word_1_95' title='bbox 659 1771 806 1852; x_wconf 76' lang='lat' dir='ltr'><strong>populos,</strong></span> <span class='ocrx_word' id='word_1_96' title='bbox 835 1767 1122 1851; x_wconf 81' lang='lat' dir='ltr'>septemtrionalem</span> <span class='ocrx_word' id='word_1_97' title='bbox 1143 1783 1231 1824; x_wconf 88' lang='lat' dir='ltr'><strong>oram</strong></span> <span class='ocrx_word' id='word_1_98' title='bbox 1252 1764 1301 1834; x_wconf 78' lang='lat' dir='ltr'><strong>in-</strong></span> 
     </span>
     <span class='ocr_line' id='line_1_15' title="bbox 266 1851 1302 1952; baseline -0.005 -23"><span class='ocrx_word' id='word_1_99' title='bbox 266 1869 426 1938; x_wconf 76' lang='lat' dir='ltr'><strong>colentes,</strong></span> <span class='ocrx_word' id='word_1_100' title='bbox 461 1871 504 1929; x_wconf 78' lang='lat' dir='ltr'><strong>uit</strong></span> <span class='ocrx_word' id='word_1_101' title='bbox 530 1873 651 1952; x_wconf 78' lang='lat' dir='ltr'><strong>primos</strong></span> <span class='ocrx_word' id='word_1_102' title='bbox 673 1873 707 1931; x_wconf 90' lang='lat' dir='ltr'><strong>in</strong></span> <span class='ocrx_word' id='word_1_103' title='bbox 737 1892 771 1935; x_wconf 86' lang='lat' dir='ltr'><strong>ee</strong></span> <span class='ocrx_word' id='word_1_104' title='bbox 795 1871 854 1932; x_wconf 83' lang='lat' dir='ltr'><strong>effe</strong></span> <span class='ocrx_word' id='word_1_105' title='bbox 878 1851 1024 1932; x_wconf 75' lang='lat' dir='ltr'><strong>Artobroe</strong></span> <span class='ocrx_word' id='word_1_106' title='bbox 1052 1867 1206 1949; x_wconf 86' lang='lat' dir='ltr'><strong>populos,</strong></span> <span class='ocrx_word' id='word_1_107' title='bbox 1240 1883 1302 1926; x_wconf 87' lang='lat' dir='ltr'><strong>nec</strong></span> 
     </span>
     <span class='ocr_line' id='line_1_16' title="bbox 264 1965 1302 2056; baseline -0.006 -26"><span class='ocrx_word' id='word_1_108' title='bbox 264 1975 424 2052; x_wconf 81' lang='lat' dir='ltr'><strong>pertinere</strong></span> <span class='ocrx_word' id='word_1_109' title='bbox 447 1971 484 2030; x_wconf 83' lang='lat' dir='ltr'><strong>ad</strong></span> <span class='ocrx_word' id='word_1_110' title='bbox 508 1970 672 2054; x_wconf 72' lang='lat' dir='ltr'>sequentes</span> <span class='ocrx_word' id='word_1_111' title='bbox 700 1987 810 2056; x_wconf 85' lang='lat' dir='ltr'><strong>gentes</strong></span> <span class='ocrx_word' id='word_1_112' title='bbox 834 1973 955 2034; x_wconf 75' lang='lat' dir='ltr'><strong>Astures</strong></span> <span class='ocrx_word' id='word_1_113' title='bbox 980 1971 1215 2037; x_wconf 80' lang='lat' dir='ltr'><strong>Cantabroeve,</strong></span> <span class='ocrx_word' id='word_1_114' title='bbox 1250 1965 1302 2026; x_wconf 87' lang='lat' dir='ltr'><strong>led</strong></span> 
     </span>
     <span class='ocr_line' id='line_1_17' title="bbox 266 2069 1302 2158; baseline -0.003 -27"><span class='ocrx_word' id='word_1_115' title='bbox 266 2071 327 2131; x_wconf 83' lang='lat' dir='ltr'><strong>esse</strong></span> <span class='ocrx_word' id='word_1_116' title='bbox 346 2072 449 2132; x_wconf 88' lang='lat' dir='ltr'><strong>adhuc</strong></span> <span class='ocrx_word' id='word_1_117' title='bbox 464 2073 601 2135; x_wconf 76' lang='lat' dir='ltr'>Celticae</span> <span class='ocrx_word' id='word_1_118' title='bbox 625 2078 729 2158; x_wconf 75' lang='lat' dir='ltr'><strong>gentis</strong></span> <span class='ocrx_word' id='word_1_119' title='bbox 746 2076 933 2136; x_wconf 73' lang='lat' dir='ltr'><strong>antedictae.</strong></span> <span class='ocrx_word' id='word_1_120' title='bbox 961 2089 1161 2132; x_wconf 73' lang='grc' dir='ltr'><strong>ιιιιτιιιινε.</strong></span> <span class='ocrx_word' id='word_1_121' title='bbox 1218 2069 1302 2151; x_wconf 81' lang='lat' dir='ltr'><strong>Lege</strong></span> 
     </span>
     <span class='ocr_line' id='line_1_18' title="bbox 268 2172 1304 2256; baseline -0.004 -26"><span class='ocrx_word' id='word_1_122' title='bbox 268 2186 299 2231; x_wconf 87' lang='lat' dir='ltr'><strong>et</strong></span> <span class='ocrx_word' id='word_1_123' title='bbox 319 2193 403 2232; x_wconf 71' lang='lat' dir='ltr'><strong>truite</strong></span> <span class='ocrx_word' id='word_1_124' title='bbox 421 2174 559 2234; x_wconf 80' lang='lat' dir='ltr'><strong>Celticae</strong></span> <span class='ocrx_word' id='word_1_125' title='bbox 579 2179 702 2256; x_wconf 83' lang='lat' dir='ltr'><strong>gentis,</strong></span> <span class='ocrx_word' id='word_1_126' title='bbox 738 2191 776 2235; x_wconf 88' lang='lat' dir='ltr'><strong>ut</strong></span> <span class='ocrx_word' id='word_1_127' title='bbox 798 2175 840 2236; x_wconf 88' lang='lat' dir='ltr'><strong>est</strong></span> <span class='ocrx_word' id='word_1_128' title='bbox 864 2177 897 2250; x_wconf 75' lang='lat' dir='ltr'><strong>iu</strong></span> <span class='ocrx_word' id='word_1_129' title='bbox 922 2177 955 2238; x_wconf 92' lang='lat' dir='ltr'><strong>V.</strong></span> <span class='ocrx_word' id='word_1_130' title='bbox 979 2176 1017 2236; x_wconf 90' lang='lat' dir='ltr'><strong>C.</strong></span> <span class='ocrx_word' id='word_1_131' title='bbox 1040 2173 1092 2234; x_wconf 88' lang='lat' dir='ltr'><strong>vel</strong></span> <span class='ocrx_word' id='word_1_132' title='bbox 1112 2172 1183 2253; x_wconf 79' lang='lat' dir='ltr'><strong>lege</strong></span> <span class='ocrx_word' id='word_1_133' title='bbox 1206 2172 1304 2230; x_wconf 85' lang='lat' dir='ltr'><strong>etium</strong></span> 
     </span>
     <span class='ocr_line' id='line_1_19' title="bbox 267 2263 1304 2358; baseline -0.005 -25"><span class='ocrx_word' id='word_1_134' title='bbox 267 2295 352 2333; x_wconf 81' lang='lat' dir='ltr'><strong>nuiic</strong></span> <span class='ocrx_word' id='word_1_135' title='bbox 373 2273 511 2335; x_wconf 82' lang='lat' dir='ltr'><strong>Celticae</strong></span> <span class='ocrx_word' id='word_1_136' title='bbox 530 2279 651 2358; x_wconf 53' lang='lat' dir='ltr'><strong>guttim</strong></span> <span class='ocrx_word' id='word_1_137' title='bbox 677 2263 769 2357; x_wconf 82' lang='lat' dir='ltr'><strong>atque</strong></span> <span class='ocrx_word' id='word_1_138' title='bbox 790 2279 833 2336; x_wconf 85' lang='lat' dir='ltr'><strong>ita</strong></span> <span class='ocrx_word' id='word_1_139' title='bbox 855 2277 949 2338; x_wconf 84' lang='lat' dir='ltr'><strong>habet</strong></span> <span class='ocrx_word' id='word_1_140' title='bbox 971 2290 1063 2336; x_wconf 80' lang='lat' dir='ltr'><strong>vetus</strong></span> <span class='ocrx_word' id='word_1_141' title='bbox 1084 2291 1174 2334; x_wconf 76' lang='lat' dir='ltr'><strong>meuc</strong></span> <span class='ocrx_word' id='word_1_142' title='bbox 1193 2273 1304 2348; x_wconf 73' lang='lat' dir='ltr'><strong>codex.</strong></span> 
     </span>
     <span class='ocr_line' id='line_1_20' title="bbox 263 2371 1303 2448; baseline 0.007 -14"><span class='ocrx_word' id='word_1_143' title='bbox 263 2371 484 2442; x_wconf 64' lang='lat' dir='ltr'><strong>xciuccourvs.</strong></span> <span class='ocrx_word' id='word_1_144' title='bbox 553 2377 641 2438; x_wconf 90' lang='lat' dir='ltr'><strong>Bene</strong></span> <span class='ocrx_word' id='word_1_145' title='bbox 664 2379 753 2438; x_wconf 89' lang='lat' dir='ltr'><strong>hunc</strong></span> <span class='ocrx_word' id='word_1_146' title='bbox 775 2379 882 2439; x_wconf 88' lang='lat' dir='ltr'><strong>locum</strong></span> <span class='ocrx_word' id='word_1_147' title='bbox 907 2381 947 2439; x_wconf 87' lang='lat' dir='ltr'><strong>lic</strong></span> <span class='ocrx_word' id='word_1_148' title='bbox 970 2377 1103 2440; x_wconf 82' lang='lat' dir='ltr'><strong>restituit</strong></span> <span class='ocrx_word' id='word_1_149' title='bbox 1123 2374 1303 2448; x_wconf 68' lang='lat' dir='ltr'><strong>Pincianus,</strong></span> 
     </span>
    </p>
   </div>
   <div class='ocr_carea' id='block_1_5' title="bbox 177 2474 1305 2540">
    <p class='ocr_par' dir='ltr' id='par_1_6' title="bbox 177 2474 1305 2540">
     <span class='ocr_line' id='line_1_21' title="bbox 177 2474 1305 2540; baseline -0.001 -7"><span class='ocrx_word' id='word_1_150' title='bbox 177 2520 179 2533; x_wconf 91' lang='lat'><strong>.</strong></span> <span class='ocrx_word' id='word_1_151' title='bbox 269 2478 362 2536; x_wconf 59' lang='lat' dir='ltr'><strong>cuiue*</strong></span> <span class='ocrx_word' id='word_1_152' title='bbox 383 2474 596 2538; x_wconf 81' lang='lat' dir='ltr'><strong>coniecturum</strong></span> <span class='ocrx_word' id='word_1_153' title='bbox 621 2481 811 2540; x_wconf 84' lang='lat' dir='ltr'><strong>confirmant</strong></span> <span class='ocrx_word' id='word_1_154' title='bbox 834 2499 909 2540; x_wconf 83' lang='lat' dir='ltr'><strong>vere</strong></span> <span class='ocrx_word' id='word_1_155' title='bbox 931 2479 1002 2540; x_wconf 87' lang='lat' dir='ltr'><strong>libri</strong></span> <span class='ocrx_word' id='word_1_156' title='bbox 1027 2493 1160 2536; x_wconf 86' lang='lat' dir='ltr'><strong>veteres.</strong></span> <span class='ocrx_word' id='word_1_157' title='bbox 1214 2476 1305 2534; x_wconf 83' lang='lat' dir='ltr'><strong>Prius</strong></span> 
     </span>
    </p>
   </div>
   <div class='ocr_carea' id='block_1_6' title="bbox 176 2572 1409 3984">
    <p class='ocr_par' dir='ltr' id='par_1_7' title="bbox 181 2572 1311 3368">
     <span class='ocr_line' id='line_1_22' title="bbox 181 2572 1304 2670; baseline -0.004 -33"><span class='ocrx_word' id='word_1_158' title='bbox 181 2585 188 2604; x_wconf 68' lang='lat'>‘</span> <span class='ocrx_word' id='word_1_159' title='bbox 269 2577 450 2660; x_wconf 79' lang='lat' dir='ltr'><strong>legebatur,</strong></span> <span class='ocrx_word' id='word_1_160' title='bbox 477 2591 508 2637; x_wconf 82' lang='lat' dir='ltr'><strong>et</strong></span> <span class='ocrx_word' id='word_1_161' title='bbox 524 2572 677 2670; x_wconf 80' lang='lat' dir='ltr'><strong>lanosum</strong></span> <span class='ocrx_word' id='word_1_162' title='bbox 700 2582 837 2642; x_wconf 76' lang='lat' dir='ltr'><strong>Celticae</strong></span> <span class='ocrx_word' id='word_1_163' title='bbox 854 2583 973 2660; x_wconf 80' lang='lat' dir='ltr'><strong>geritis.</strong></span> <span class='ocrx_word' id='word_1_164' title='bbox 1001 2592 1033 2640; x_wconf 84' lang='lat' dir='ltr'><strong>et</strong></span> <span class='ocrx_word' id='word_1_165' title='bbox 1050 2575 1192 2638; x_wconf 81' lang='lat' dir='ltr'><strong>lenelurn</strong></span> <span class='ocrx_word' id='word_1_166' title='bbox 1209 2578 1304 2634; x_wconf 88' lang='lat' dir='ltr'><strong>inter-</strong></span> 
     </span>
     <span class='ocr_line' id='line_1_23' title="bbox 270 2675 1305 2771; baseline -0.002 -35"><span class='ocrx_word' id='word_1_167' title='bbox 270 2692 434 2759; x_wconf 84' lang='lat' dir='ltr'><strong>pretantur</strong></span> <span class='ocrx_word' id='word_1_168' title='bbox 470 2675 666 2770; x_wconf 70' lang='lat' dir='ltr'><strong>[Vedianue.</strong></span> <span class='ocrx_word' id='word_1_169' title='bbox 702 2675 885 2766; x_wconf 82' lang='lat' dir='ltr'><strong>Olivarius]</strong></span> <span class='ocrx_word' id='word_1_170' title='bbox 926 2677 1178 2771; x_wconf 80' lang='lat' dir='ltr'><strong>Corrzpcistellam.</strong></span> <span class='ocrx_word' id='word_1_171' title='bbox 1242 2676 1305 2742; x_wconf 85' lang='lat' dir='ltr'><strong>Sed</strong></span> 
     </span>
     <span class='ocr_line' id='line_1_24' title="bbox 268 2779 1307 2870; baseline -0.002 -32"><span class='ocrx_word' id='word_1_172' title='bbox 268 2780 390 2838; x_wconf 82' lang='lat' dir='ltr'><strong>nullius</strong></span> <span class='ocrx_word' id='word_1_173' title='bbox 408 2779 460 2838; x_wconf 92' lang='lat' dir='ltr'><strong>hic</strong></span> <span class='ocrx_word' id='word_1_174' title='bbox 476 2781 588 2870; x_wconf 80' lang='lat' dir='ltr'><strong>oppidi</strong></span> <span class='ocrx_word' id='word_1_175' title='bbox 604 2803 725 2844; x_wconf 88' lang='lat' dir='ltr'><strong>nomen</strong></span> <span class='ocrx_word' id='word_1_176' title='bbox 745 2786 841 2844; x_wconf 79' lang='lat' dir='ltr'><strong>tuere</strong></span> <span class='ocrx_word' id='word_1_177' title='bbox 862 2783 975 2866; x_wconf 84' lang='lat' dir='ltr'><strong>potest.</strong></span> <span class='ocrx_word' id='word_1_178' title='bbox 1018 2782 1153 2844; x_wconf 83' lang='lat' dir='ltr'><strong>Certum</strong></span> <span class='ocrx_word' id='word_1_179' title='bbox 1169 2779 1307 2859; x_wconf 87' lang='lat' dir='ltr'><strong>denique</strong></span> 
     </span>
     <span class='ocr_line' id='line_1_25' title="bbox 272 2880 1307 2960; baseline -0.003 -20"><span class='ocrx_word' id='word_1_180' title='bbox 272 2881 333 2947; x_wconf 78' lang='lat' dir='ltr'><strong>eii.</strong></span> <span class='ocrx_word' id='word_1_181' title='bbox 372 2880 620 2960; x_wconf 84' lang='lat' dir='ltr'><strong>Cornpoliellarn</strong></span> <span class='ocrx_word' id='word_1_182' title='bbox 652 2883 711 2944; x_wconf 82' lang='lat' dir='ltr'><strong>elie</strong></span> <span class='ocrx_word' id='word_1_183' title='bbox 750 2887 849 2944; x_wconf 85' lang='lat' dir='ltr'><strong>iriam</strong></span> <span class='ocrx_word' id='word_1_184' title='bbox 875 2883 1042 2946; x_wconf 81' lang='lat' dir='ltr'><strong>Flauiam.</strong></span> <span class='ocrx_word' id='word_1_185' title='bbox 1073 2915 1124 2928; x_wconf 90' lang='lat'>-</span> <span class='ocrx_word' id='word_1_186' title='bbox 1166 2899 1307 2940; x_wconf 80' lang='lat' dir='ltr'><strong>voes1vs.</strong></span> 
     </span>
     <span class='ocr_line' id='line_1_26' title="bbox 275 2981 1308 3061; baseline -0.002 -20"><span class='ocrx_word' id='word_1_187' title='bbox 275 2982 409 3061; x_wconf 81' lang='lat' dir='ltr'><strong>Optime</strong></span> <span class='ocrx_word' id='word_1_188' title='bbox 422 2981 593 3042; x_wconf 83' lang='lat' dir='ltr'><strong>¹Ciucconii</strong></span> <span class='ocrx_word' id='word_1_189' title='bbox 616 2987 740 3045; x_wconf 78' lang='lat' dir='ltr'><strong>codices</strong></span> <span class='ocrx_word' id='word_1_190' title='bbox 761 3007 828 3046; x_wconf 89' lang='lat' dir='ltr'><strong>rem</strong></span> <span class='ocrx_word' id='word_1_191' title='bbox 854 2987 1045 3055; x_wconf 82' lang='lat' dir='ltr'><strong>conficiunt,</strong></span> <span class='ocrx_word' id='word_1_192' title='bbox 1064 2995 1112 3044; x_wconf 72' lang='lat' dir='ltr'><strong>,et</strong></span> <span class='ocrx_word' id='word_1_193' title='bbox 1130 2984 1308 3042; x_wconf 79' lang='lat' dir='ltr'><strong>inveterato</strong></span> 
     </span>
     <span class='ocr_line' id='line_1_27' title="bbox 273 3081 1309 3162; baseline 0 -20"><span class='ocrx_word' id='word_1_194' title='bbox 273 3085 357 3142; x_wconf 87' lang='lat' dir='ltr'><strong>vitio</strong></span> <span class='ocrx_word' id='word_1_195' title='bbox 380 3084 568 3162; x_wconf 87' lang='lat' dir='ltr'><strong>medentur,</strong></span> <span class='ocrx_word' id='word_1_196' title='bbox 603 3087 688 3144; x_wconf 86' lang='lat' dir='ltr'><strong>unde</strong></span> <span class='ocrx_word' id='word_1_197' title='bbox 709 3087 875 3146; x_wconf 79' lang='lat' dir='ltr'><strong>Boccatiue</strong></span> <span class='ocrx_word' id='word_1_198' title='bbox 897 3087 975 3146; x_wconf 88' lang='lat' dir='ltr'><strong>adeo</strong></span> <span class='ocrx_word' id='word_1_199' title='bbox 1006 3086 1045 3144; x_wconf 89' lang='lat' dir='ltr'><strong>de</strong></span> <span class='ocrx_word' id='word_1_200' title='bbox 1068 3083 1210 3144; x_wconf 81' lang='lat' dir='ltr'><strong>maribus</strong></span> <span class='ocrx_word' id='word_1_201' title='bbox 1233 3081 1252 3144; x_wconf 81' lang='lat' dir='ltr'><strong>i.</strong></span> <span class='ocrx_word' id='word_1_202' title='bbox 1277 3101 1309 3142; x_wconf 85' lang='lat' dir='ltr'><strong>v.</strong></span> 
     </span>
     <span class='ocr_line' id='line_1_28' title="bbox 274 3179 1311 3278; baseline -0.002 -34"><span class='ocrx_word' id='word_1_203' title='bbox 274 3182 425 3265; x_wconf 83' lang='lat' dir='ltr'><strong>ispanum</strong></span> <span class='ocrx_word' id='word_1_204' title='bbox 449 3186 650 3247; x_wconf 82' lang='lat' dir='ltr'><strong>commentus</strong></span> <span class='ocrx_word' id='word_1_205' title='bbox 675 3187 717 3248; x_wconf 90' lang='lat' dir='ltr'><strong>est</strong></span> <span class='ocrx_word' id='word_1_206' title='bbox 742 3179 895 3278; x_wconf 79' lang='lat' dir='ltr'><strong>leiresos,</strong></span> <span class='ocrx_word' id='word_1_207' title='bbox 922 3187 1092 3268; x_wconf 85' lang='lat' dir='ltr'><strong>populum.</strong></span> <span class='ocrx_word' id='word_1_208' title='bbox 1152 3183 1247 3248; x_wconf 83' lang='lat' dir='ltr'><strong>Plura</strong></span> <span class='ocrx_word' id='word_1_209' title='bbox 1272 3183 1311 3242; x_wconf 85' lang='lat' dir='ltr'><strong>de</strong></span> 
     </span>
     <span class='ocr_line' id='line_1_29' title="bbox 274 3284 1310 3368; baseline 0 -24"><span class='ocrx_word' id='word_1_210' title='bbox 274 3284 333 3346; x_wconf 85' lang='lat' dir='ltr'><strong>hac</strong></span> <span class='ocrx_word' id='word_1_211' title='bbox 355 3287 525 3346; x_wconf 84' lang='lat' dir='ltr'><strong>nominum</strong></span> <span class='ocrx_word' id='word_1_212' title='bbox 546 3289 813 3368; x_wconf 84' lang='lat' dir='ltr'><strong>adpelletivorum</strong></span> <span class='ocrx_word' id='word_1_213' title='bbox 838 3287 1045 3350; x_wconf 82' lang='lat' dir='ltr'><strong>couverfione</strong></span> <span class='ocrx_word' id='word_1_214' title='bbox 1066 3287 1149 3346; x_wconf 85' lang='lat' dir='ltr'><strong>dicta</strong></span> <span class='ocrx_word' id='word_1_215' title='bbox 1166 3286 1203 3345; x_wconf 84' lang='lat' dir='ltr'><strong>ad</strong></span> <span class='ocrx_word' id='word_1_216' title='bbox 1227 3299 1259 3352; x_wconf 85' lang='grc'><strong>2,</strong></span> <span class='ocrx_word' id='word_1_217' title='bbox 1277 3297 1310 3355; x_wconf 88' lang='grc'><strong>7,</strong></span> 
     </span>
    </p>

    <p class='ocr_par' dir='ltr' id='par_1_8' title="bbox 176 3381 1409 3984">
     <span class='ocr_line' id='line_1_30' title="bbox 236 3381 1310 3469; baseline -0.005 -21"><span class='ocrx_word' id='word_1_218' title='bbox 236 3456 239 3468; x_wconf 25' lang='lat' dir='ltr'>y</span> <span class='ocrx_word' id='word_1_219' title='bbox 279 3405 337 3448; x_wconf 81' lang='grc' dir='ltr'><strong>ιο.</strong></span> <span class='ocrx_word' id='word_1_220' title='bbox 373 3387 608 3452; x_wconf 84' lang='lat' dir='ltr'><strong>MoxCiaccon.</strong></span> <span class='ocrx_word' id='word_1_221' title='bbox 627 3403 663 3447; x_wconf 91' lang='lat' dir='ltr'><strong>ut</strong></span> <span class='ocrx_word' id='word_1_222' title='bbox 680 3388 768 3469; x_wconf 84' lang='lat' dir='ltr'><strong>supra</strong></span> <span class='ocrx_word' id='word_1_223' title='bbox 782 3389 871 3461; x_wconf 81' lang='lat' dir='ltr'><strong>deur</strong></span> <span class='ocrx_word' id='word_1_224' title='bbox 899 3390 983 3452; x_wconf 88' lang='lat' dir='ltr'><strong>Gud.</strong></span> <span class='ocrx_word' id='word_1_225' title='bbox 1001 3386 1093 3448; x_wconf 82' lang='lat' dir='ltr'><strong>Paris.</strong></span> <span class='ocrx_word' id='word_1_226' title='bbox 1114 3401 1145 3466; x_wconf 79' lang='grc'><strong>5.</strong></span> <span class='ocrx_word' id='word_1_227' title='bbox 1170 3381 1310 3446; x_wconf 78' lang='lat' dir='ltr'><strong>Vinddb.</strong></span> 
     </span>
     <span class='ocr_line' id='line_1_31' title="bbox 203 3475 1373 3582; baseline -0.006 -32"><span class='ocrx_word' id='word_1_228' title='bbox 203 3503 211 3515; x_wconf 87' lang='grc'><strong>’</strong></span> <span class='ocrx_word' id='word_1_229' title='bbox 275 3488 368 3570; x_wconf 81' lang='lat' dir='ltr'><strong>Prag.</strong></span> <span class='ocrx_word' id='word_1_230' title='bbox 400 3489 472 3550; x_wconf 86' lang='lat' dir='ltr'><strong>edd.</strong></span> <span class='ocrx_word' id='word_1_231' title='bbox 504 3511 533 3552; x_wconf 85' lang='lat'><strong>1.</strong></span> <span class='ocrx_word' id='word_1_232' title='bbox 561 3487 592 3554; x_wconf 75' lang='grc'><strong>2.</strong></span> <span class='ocrx_word' id='word_1_233' title='bbox 617 3511 650 3568; x_wconf 83' lang='grc'><strong>9.</strong></span> <span class='ocrx_word' id='word_1_234' title='bbox 679 3489 805 3582; x_wconf 62' lang='lat' dir='ltr'><strong>ustum</strong></span> <span class='ocrx_word' id='word_1_235' title='bbox 855 3493 953 3552; x_wconf 84' lang='lat' dir='ltr'><strong>Vatic.</strong></span> <span class='ocrx_word' id='word_1_236' title='bbox 989 3492 1101 3550; x_wconf 92' lang='lat' dir='ltr'><strong>Venet.</strong></span> <span class='ocrx_word' id='word_1_237' title='bbox 1136 3488 1309 3568; x_wconf 85' lang='lat' dir='ltr'><strong>Rehdiger.</strong></span> <span class='ocrx_word' id='word_1_238' title='bbox 1371 3475 1373 3482; x_wconf 63' lang='grc'><em>’</em></span> 
     </span>
     <span class='ocr_line' id='line_1_32' title="bbox 274 3589 1311 3680; baseline -0.002 -31.996"><span class='ocrx_word' id='word_1_239' title='bbox 274 3589 410 3680; x_wconf 77' lang='lat' dir='ltr'><strong>ustyrcs,</strong></span> <span class='ocrx_word' id='word_1_240' title='bbox 444 3611 522 3679; x_wconf 87' lang='lat' dir='ltr'><strong>quae</strong></span> <span class='ocrx_word' id='word_1_241' title='bbox 544 3593 676 3671; x_wconf 86' lang='lat' dir='ltr'><strong>quidem</strong></span> <span class='ocrx_word' id='word_1_242' title='bbox 700 3590 844 3672; x_wconf 84' lang='lat' dir='ltr'><strong>scriptura</strong></span> <span class='ocrx_word' id='word_1_243' title='bbox 864 3615 930 3652; x_wconf 88' lang='lat' dir='ltr'><strong>uon</strong></span> <span class='ocrx_word' id='word_1_244' title='bbox 949 3592 1042 3672; x_wconf 88' lang='lat' dir='ltr'><strong>plane</strong></span> <span class='ocrx_word' id='word_1_245' title='bbox 1064 3589 1106 3650; x_wconf 88' lang='lat' dir='ltr'><strong>est</strong></span> <span class='ocrx_word' id='word_1_246' title='bbox 1129 3589 1311 3650; x_wconf 83' lang='lat' dir='ltr'><strong>reiiciende.</strong></span> 
     </span>
     <span class='ocr_line' id='line_1_33' title="bbox 275 3683 1375 3773; baseline -0.004 -21"><span class='ocrx_word' id='word_1_247' title='bbox 275 3690 353 3752; x_wconf 85' lang='lat' dir='ltr'><strong>Nou</strong></span> <span class='ocrx_word' id='word_1_248' title='bbox 377 3693 463 3750; x_wconf 87' lang='lat' dir='ltr'><strong>euim</strong></span> <span class='ocrx_word' id='word_1_249' title='bbox 482 3689 612 3752; x_wconf 83' lang='lat' dir='ltr'><strong>solum</strong></span> <span class='ocrx_word' id='word_1_250' title='bbox 603 3713 643 3773; x_wconf 72' lang='lat' dir='ltr'><strong>¹.ss</strong></span> <span class='ocrx_word' id='word_1_251' title='bbox 654 3693 790 3761; x_wconf 80' lang='lat' dir='ltr'><strong>Graecis,</strong></span> <span class='ocrx_word' id='word_1_252' title='bbox 814 3694 913 3754; x_wconf 80' lang='lat' dir='ltr'><strong>reluti</strong></span> <span class='ocrx_word' id='word_1_253' title='bbox 931 3683 1093 3754; x_wconf 75' lang='lat' dir='ltr'><strong>Strabonis</strong></span> <span class='ocrx_word' id='word_1_254' title='bbox 1117 3711 1172 3771; x_wconf 90' lang='lat' dir='ltr'><strong>per</strong></span> <span class='ocrx_word' id='word_1_255' title='bbox 1190 3711 1226 3750; x_wconf 90' lang='grc' dir='ltr'><strong>ου</strong></span> <span class='ocrx_word' id='word_1_256' title='bbox 1243 3703 1275 3748; x_wconf 89' lang='lat' dir='ltr'><strong>et</strong></span> <span class='ocrx_word' id='word_1_257' title='bbox 1294 3707 1311 3748; x_wconf 86' lang='grc' dir='ltr'>υ</span> <span class='ocrx_word' id='word_1_258' title='bbox 1374 3699 1375 3708; x_wconf 76' lang='grc'>’</span> 
     </span>
     <span class='ocr_line' id='line_1_34' title="bbox 176 3789 1314 3878; baseline 0 -30"><span class='ocrx_word' id='word_1_259' title='bbox 176 3829 182 3842; x_wconf 78' lang='grc'><strong>.</strong></span> <span class='ocrx_word' id='word_1_260' title='bbox 276 3793 475 3878; x_wconf 81' lang='lat' dir='ltr'><strong>exprimitur,</strong></span> <span class='ocrx_word' id='word_1_261' title='bbox 503 3791 553 3852; x_wconf 87' lang='lat' dir='ltr'><strong>led</strong></span> <span class='ocrx_word' id='word_1_262' title='bbox 568 3808 637 3874; x_wconf 83' lang='lat' dir='ltr'><strong>ety</strong></span> <span class='ocrx_word' id='word_1_263' title='bbox 656 3795 689 3853; x_wconf 89' lang='lat' dir='ltr'><strong>in</strong></span> <span class='ocrx_word' id='word_1_264' title='bbox 715 3795 837 3855; x_wconf 79' lang='lat' dir='ltr'><strong>Latinis</strong></span> <span class='ocrx_word' id='word_1_265' title='bbox 859 3795 1032 3875; x_wconf 85' lang='lat' dir='ltr'><strong>reperitur,</strong></span> <span class='ocrx_word' id='word_1_266' title='bbox 1060 3795 1200 3854; x_wconf 85' lang='lat' dir='ltr'><strong>maxime</strong></span> <span class='ocrx_word' id='word_1_267' title='bbox 1217 3792 1251 3848; x_wconf 90' lang='lat' dir='ltr'><strong>in</strong></span> <span class='ocrx_word' id='word_1_268' title='bbox 1268 3789 1314 3848; x_wconf 90' lang='lat' dir='ltr'><strong>in·</strong></span> 
     </span>
     <span class='ocr_line' id='line_1_35' title="bbox 276 3889 1409 3984; baseline 0.002 -36"><span class='ocrx_word' id='word_1_269' title='bbox 276 3889 509 3972; x_wconf 78' lang='lat' dir='ltr'><strong>scriptionibus.</strong></span> <span class='ocrx_word' id='word_1_270' title='bbox 569 3897 615 3954; x_wconf 85' lang='lat' dir='ltr'><strong>Ita</strong></span> <span class='ocrx_word' id='word_1_271' title='bbox 642 3877 767 3984; x_wconf 76' lang='lat' dir='ltr'><strong>Aslyria</strong></span> <span class='ocrx_word' id='word_1_272' title='bbox 796 3893 852 3956; x_wconf 75' lang='lat' dir='ltr'><strong>tub</strong></span> <span class='ocrx_word' id='word_1_273' title='bbox 885 3895 1019 3958; x_wconf 83' lang='lat' dir='ltr'><strong>Claudio</strong></span> <span class='ocrx_word' id='word_1_274' title='bbox 1053 3895 1136 3975; x_wconf 86' lang='lat' dir='ltr'><strong>apud</strong></span> <span class='ocrx_word' id='word_1_275' title='bbox 1169 3893 1313 3952; x_wconf 89' lang='lat' dir='ltr'><strong>Donium</strong></span> <span class='ocrx_word' id='word_1_276' title='bbox 1406 3927 1409 3934; x_wconf 94' lang='lat'>·</span> 
     </span>
    </p>
   </div>
   <div class='ocr_carea' id='block_1_7' title="bbox 226 3991 1316 4179">
    <p class='ocr_par' dir='ltr' id='par_1_9' title="bbox 226 3991 1316 4179">
     <span class='ocr_line' id='line_1_36' title="bbox 276 3991 1315 4088; baseline -0.022 -13.699"><span class='ocrx_word' id='word_1_277' title='bbox 276 4004 487 4074; x_wconf 71' lang='lat' dir='ltr'><strong>P·¹74264·</strong></span> <span class='ocrx_word' id='word_1_278' title='bbox 526 3995 651 4056; x_wconf 58' lang='lat' dir='ltr'><strong>Gruter·</strong></span> <span class='ocrx_word' id='word_1_279' title='bbox 675 4017 705 4076; x_wconf 86' lang='grc' dir='ltr'><strong>Ρ.</strong></span> <span class='ocrx_word' id='word_1_280' title='bbox 723 3999 808 4074; x_wconf 75' lang='grc'><strong>465,</strong></span> <span class='ocrx_word' id='word_1_281' title='bbox 825 4007 859 4074; x_wconf 76' lang='lat'>4</span> <span class='ocrx_word' id='word_1_282' title='bbox 889 4013 919 4057; x_wconf 86' lang='lat' dir='ltr'><strong>et</strong></span> <span class='ocrx_word' id='word_1_283' title='bbox 935 3995 989 4088; x_wconf 83' lang='lat' dir='ltr'><strong>As</strong></span> <span class='ocrx_word' id='word_1_284' title='bbox 991 4017 1076 4077; x_wconf 69' lang='lat' dir='ltr'><strong>prius</strong></span> <span class='ocrx_word' id='word_1_285' title='bbox 1096 4013 1154 4076; x_wconf 91' lang='lat' dir='ltr'><strong>pro</strong></span> <span class='ocrx_word' id='word_1_286' title='bbox 1170 3991 1227 4086; x_wconf 82' lang='lat' dir='ltr'><strong>As</strong></span> <span class='ocrx_word' id='word_1_287' title='bbox 1229 4011 1315 4051; x_wconf 84' lang='lat' dir='ltr'><strong>urius</strong></span> 
     </span>
     <span class='ocr_line' id='line_1_37' title="bbox 226 4096 1316 4179; baseline -0.004 -24"><span class='ocrx_word' id='word_1_288' title='bbox 226 4126 231 4134; x_wconf 77' lang='lat'><em>,</em></span> <span class='ocrx_word' id='word_1_289' title='bbox 275 4096 397 4158; x_wconf 85' lang='lat' dir='ltr'><strong>multoe</strong></span> <span class='ocrx_word' id='word_1_290' title='bbox 414 4098 508 4166; x_wconf 85' lang='lat' dir='ltr'><strong>veile,</strong></span> <span class='ocrx_word' id='word_1_291' title='bbox 533 4098 627 4159; x_wconf 87' lang='lat' dir='ltr'><strong>docet</strong></span> <span class='ocrx_word' id='word_1_292' title='bbox 641 4098 852 4179; x_wconf 86' lang='lat' dir='ltr'><strong>Oudendorp.</strong></span> <span class='ocrx_word' id='word_1_293' title='bbox 871 4100 907 4158; x_wconf 84' lang='lat' dir='ltr'><strong>ed</strong></span> <span class='ocrx_word' id='word_1_294' title='bbox 927 4099 1044 4159; x_wconf 84' lang='lat' dir='ltr'><strong>Lucan.</strong></span> <span class='ocrx_word' id='word_1_295' title='bbox 1055 4107 1089 4176; x_wconf 79' lang='lat'><strong>4,</strong></span> <span class='ocrx_word' id='word_1_296' title='bbox 1109 4109 1191 4175; x_wconf 73' lang='lat'><strong>298.</strong></span> <span class='ocrx_word' id='word_1_297' title='bbox 1218 4103 1316 4175; x_wconf 89' lang='lat' dir='ltr'><strong>prout</strong></span> 
     </span>
    </p>
   </div>
   <div class='ocr_carea' id='block_1_8' title="bbox 0 0 1442 4878">
    <p class='ocr_par' dir='ltr' id='par_1_10' title="bbox 0 0 1442 4878">
     <span class='ocr_line' id='line_1_38' title="bbox 0 0 1442 4878; baseline 0 0"><span class='ocrx_word' id='word_1_298' title='bbox 0 0 1442 4878; x_wconf 95' lang='lat' dir='ltr'><strong> </strong></span> 
     </span>
    </p>
   </div>
  </div>
 </body>
</html>
