2736 4884
164 403 167 412 ⁴
273 434 334 494 ete
517 407 812 500 'veomeourt
848 437 1011 494 uncae

275 621 329 670 tus
350 610 526 690 cognitioni
550 609 675 701 nostrae
695 611 812 672 addita
834 609 889 704 est.
940 611 1047 692 Quare
1063 607 1201 690 amplius
1223 603 1306 666 indu·

274 710 367 771 bium
387 713 532 786 nonest,
564 714 714 776 Solinum
736 715 793 776 illo
813 713 914 795 capite
938 713 1039 778 multa
1059 711 1097 770 ad
1121 709 1254 770 verbum
1274 727 1306 767 ex

205 863 213 876 ,
275 801 362 874 Mela
387 812 532 894 sumliffe.
586 817 670 876 Illud
699 835 776 877 vero
809 835 877 876 non
909 812 1087 883 omiserim,
1129 810 1307 873 Strabonem
1355 865 1356 870 ,

275 915 411 1009 lib..15.
435 912 522 1004 [in]
547 918 649 1000 palam
668 919 784 996 dicere,
810 918 955 1000 ignotam
979 914 1039 976 elle
1059 914 1195 982 Indiam,
1222 930 1307 992 quem

116 1085 130 1108 s
220 1039 227 1052 ν
262 1017 353 1078 vice
376 1021 473 1080 ettam
496 1019 552 1082 lib.
570 1024 611 1081 e:
632 1015 683 1104 [p.
698 1041 742 1081 m.
760 1031 821 1098 48·
840 1016 861 1080 r.
876 1011 957 1102 70.]
1009 1018 1043 1078 st
1064 1013 1218 1095 inspiciat.
1243 1009 1308 1072 fate·

276 1115 378 1186 berie,
411 1121 510 1182 multa
530 1121 570 1182 ad
591 1120 726 1198 verbum
752 1139 790 1182 ex
813 1120 897 1184 Mela
920 1117 1074 1179 famaue:
1106 1133 1306 1176 craeconsvs.

277 1216 384 1290 Olim,
409 1217 567 1313 notiffima
587 1221 686 1282 India
709 1223 875 1291 Pintian0,
903 1209 1090 1306 displicebat
1112 1237 1179 1280 vox
1199 1208 1307 1306 notiffi·

238 1403 240 1410 Α
277 1341 331 1382 ma
353 1335 386 1381 et
406 1323 487 1383 dixit
505 1324 587 1392 mibi
607 1337 640 1384 et
658 1325 726 1386 aliis
742 1323 900 1404 discipulis
918 1319 1119 1382 scribendum
1141 1311 1309 1407 noviffima.

194 1441 199 1462 ⁴
277 1423 350 1505 Ego
368 1424 471 1504 postea
490 1445 529 1486 ex
545 1427 784 1487 commentariis
801 1425 928 1486 Graecis
943 1425 977 1484 in
995 1421 1188 1501 Dionysium
1203 1420 1241 1480 de
1258 1419 1310 1478 filu

278 1523 366 1584 orbis
388 1525 435 1603 [v.
455 1529 556 1607 752.]
579 1523 808 1610 elegantissime
824 1527 931 1587 locum
950 1527 1088 1586 correxi:
1118 1523 1205 1584 Seres
1223 1521 1310 1580 inter·

270 1613 371 1714 sunt,
398 1627 642 1716 ganrrs‚plenunr
666 1627 816 1720 itssitiae,
842 1649 882 1689 eac
902 1629 1102 1694 commercio,
1129 1619 1311 1708 quodrebas

280 1725 315 1785 in
328 1715 508 1816 solitudine
529 1729 646 1790 relictis
668 1721 780 1822 absens
801 1730 945 1811 peragit,
971 1722 1173 1818 notiffimum.
1219 1723 1310 1784 India
1359 1728 1360 1740 ¹

240 1885 245 1894 ,
277 1847 342 1887 non
366 1841 494 1890 tanturn
518 1845 578 1892 etc.
627 1850 791 1894 asuc'rrvs
825 1833 860 1892 in
893 1822 1107 1920 praefatione.
1143 1819 1310 1916 Notiffima
1355 1879 1356 1882 ,

227 2009 230 2024 ι
278 1927 408 2010 India.)
460 1932 557 1995 Falso.
592 1933 744 2016 Cupitum
764 1933 1000 1996 distinctionem
1022 1929 1238 1998 nonellllela,
1265 1925 1310 1987 sed

278 2049 296 2091 a
313 2030 447 2094 librariis
465 2034 542 2104 elle,
568 2036 669 2120 initio.
683 2032 742 2122 [ad
765 2056 794 2106 t,
817 2028 866 2120 m]
890 2035 1053 2103 admonui,
1081 2045 1115 2094 et
1130 2033 1164 2090 in
1182 2027 1310 2092 confesso

279 2151 328 2193 res
348 2133 406 2204 est,
438 2137 584 2198 utilitatis
605 2135 705 2218 specie
729 2139 846 2218 aliqua,
879 2155 921 2196 ne
938 2155 989 2196 ree
1011 2131 1209 2196 commisceri
1232 2131 1311 2192 vide·

213 2247 225 2271 '¹
275 2249 402 2296 rentur.
456 2237 695 2310 Hinc-lactum,
725 2252 764 2299 nt
779 2237 868 2320 saepe
888 2239 1012 2298 varient
1031 2237 1177 2303 codices,
1204 2235 1310 2314 hicque

278 2320 392 2396 natum
408 2337 446 2398 lit
460 2340 637 2402 monstrum
653 2352 754 2418 turpe,
777 2332 924 2430 informe,
948 2341 1067 2418 ingens.
1119 2335 1214 2396 Nihil
1229 2336 1309 2396 enim

151 2475 155 2494 .
202 2439 204 2443 ’
280 2437 374 2498 india
392 2440 499 2502 minus
517 2455 651 2512 notum,
678 2443 734 2502 vix
754 2463 856 2523 nuper
878 2439 1092 2521 Hispanorum
1109 2437 1311 2522 navigationi·

229 2599 231 2604 .
280 2535 342 2600 bus
367 2537 436 2601 satis
458 2541 665 2626 patefactum.
711 2526 759 2606 ‘st
782 2544 851 2624 quis
879 2555 986 2602 tamen
1016 2531 1179 2602 mordicus
1202 2539 1310 2600 editam

279 2640 453 2704 lectionem
477 2636 560 2706 tueri
577 2645 684 2715 volet,
710 2646 836 2706 animus
857 2662 924 2704 non
946 2643 989 2704 est
1012 2643 1190 2704 admodum
1212 2652 1310 2700 contra

269 2743 361 2826 niti,
378 2757 527 2824 tarnum,
557 2747 634 2828 quid
651 2747 732 2806 mihi
748 2748 907 2814 videatur,
933 2745 1090 2806 testificor.
1141 2739 1309 2804 Etlitoiam
1359 2755 1360 2764 ¹

280 2843 368 2904 Mela
388 2842 568 2937 Nooiffima
598 2847 696 2908 India
724 2849 789 2930 legi
818 2848 931 2911 maluit
955 2845 1132 2907 Pincianus.
1183 2843 1217 2904 Si
1237 2840 1311 2900 milri

223 2953 226 2972 ¹
281 2945 403 3006 censori
429 2949 558 3008 clavum
586 2950 697 3032 figere,
738 2949 932 3029 lullrumque
965 2947 1104 3008 condere
1133 2945 1245 3014 liceat,
1274 2941 1309 3002 ad

184 3083 196 3129 ρ
280 3045 456 3128 superiora,
483 3051 569 3112 uude
585 3049 706 3112 divulsa
720 3049 809 3120 sunt,
833 3067 961 3130 quoque
981 3051 1164 3129 pertinent,
1189 3043 1309 3109 Sanctio

281 3149 389 3210 nostro
418 3151 568 3223 assensus,
603 3153 739 3214 libenter
766 3151 946 3220 retulerim,
981 3140 1092 3239 absens
1112 3149 1239 3228 peragit
1261 3163 1309 3205 no·

281 3252 315 3310 ti
334 3273 440 3315 rrrrum.
479 3255 517 3314 ln
537 3273 601 3335 quo
616 3269 683 3313 non
699 3253 791 3321 mihi,
816 3251 866 3312 sed
882 3251 1044 3312 Eustathio
1062 3249 1210 3327 Dionysii
1223 3245 1309 3312 Scho-

279 3349 382 3413 liastae
398 3349 577 3422 doctiffimo
594 3354 690 3415 fidem
704 3353 812 3414 haberi
828 3354 917 3414 volo.
956 3353 1008 3414 Sic
1021 3353 1108 3413 enim
1125 3351 1198 3411 itte:
1223 3350 1261 3428 [c.
1275 3348 1308 3426 l]

281 3450 356 3517 Τῶν
375 3451 592 3544 πωλουμένων
609 3448 648 3516 τὸ
664 3451 790 3542 riprpsa
813 3451 958 3534 σακκίοις
979 3446 1225 3539 ἐπιγράψαντες
1244 3441 1309 3514 ὓπο-
1359 3453 1360 3526 l

227 3579 230 3592 ·
281 3553 467 3645 χωροῦσιν·
505 3549 751 3630 citatissimae
776 3556 805 3620 oi
834 3551 966 3643 ’ἔμποροι
986 3550 1039 3616 nai
1063 3551 1173 3628 θέντες
1195 3547 1252 3639 τὴν
1273 3572 1311 3613 τι·
1359 3529 1360 3624 l

280 3649 345 3744 μὴν
375 3653 628 3744 ἁναχωροῦσιν·’
661 3652 715 3735 ἐφ’
737 3651 782 3732 οἷς
811 3653 962 3745 inpetrat
985 3657 1014 3721 οἱ
1041 3657 1161 3742 Σῆρες,
1194 3649 1264 3725 καὶ,
1287 3647 1310 3712 εἰ

8 3825 9 3834 ¹
108 3774 111 3788 ¹
218 3762 221 3766 ’
281 3753 573 3846 prisciniacensem,
599 3751 808 3846 leputatur:
834 3742 1027 3846 τὴντιμῖρν·
1059 3756 1085 3820 εἰ
1105 3755 1138 3820 δὲ
1158 3753 1251 3845 μήγε,
1272 3745 1308 3815 ai
1345 3763 1358 3786 ⁶

86 3840 90 3864 ⁸
283 3853 359 3922 tite.
405 3861 537 3922 Accedit
554 3862 592 3922 ad
614 3861 706 3930 baec,
741 3862 885 3942 quodrin‘
904 3861 989 3922 Mela
1010 3858 1194 3932 observavi,
1221 3859 1306 3922 [olere

173 3979 177 3994 ⁴
282 3979 359 4020 eum
376 3961 416 4022 de
432 3977 527 4046 gente
543 3951 646 4045 aliqua
662 3965 839 4033 dicturum,
863 3960 928 4023 fere
945 3983 961 4022 a
980 3964 1083 4046 gentis
1098 3965 1233 4024 nomine
1250 3975 1306 4020 nar·
1359 3989 1360 4004 r

281 4064 438 4122 rationem
459 4052 625 4138 inchoaie3
651 4065 795 4149 exempla
813 4065 847 4124 in
864 4083 919 4124 ore
936 4065 1096 4125 omnium.
1134 4062 1307 4142 symbolam
1359 4043 1360 4124 l

281 4182 410 4248 quoque
429 4157 729 4252 Latinueffco'nlerat.
768 4165 891 4234 Plinius
905 4150 961 4230 lib.
979 4167 1013 4230 6.
1031 4185 1096 4250 cap.
1112 4183 1169 4252 17.
1194 4163 1229 4246 [s.
1244 4156 1307 4240 nn]
