2722 4882
196 431 342 558 ‘⁸²74
462 541 464 549 .
560 479 1025 541 ‘eourountuetta

277 657 321 730 est
341 656 474 717 nimius.
520 654 569 720 De
586 653 679 715 simili
666 655 855 738 iloqnentli
872 647 998 741 genere,
1015 655 1110 726 vide,
1136 671 1219 736 quae
1236 650 1312 733 supe·

276 759 410 836 rius[3,
428 766 462 835 4,
486 757 703 835 t.]dixinrue.
731 777 873 820 votsrva.
893 749 1042 864 Causas
1054 769 1161 821 utitem
1179 768 1212 815 et
1227 749 1310 833 bellu)

185 889 188 904 ⁴
275 861 370 924 Nihil
390 859 455 932 hue
474 854 547 918 satit
569 857 763 922 adversativa
788 837 989 930 coniuncti0,
1016 872 1049 922 et
1070 859 1246 943 legendum
1269 869 1310 916 ta·

274 982 360 1032 men,
388 975 425 1021 ut
442 960 552 1020 estin
549 960 662 1023 tribue
679 961 771 1025 MSS.
788 960 956 1025 referendo
973 959 1061 1029 sensu
1082 963 1118 1020 ad
1140 958 1309 1039 superiora;

271 1053 402 1145 nempe,
429 1062 483 1124 etsi
504 1063 565 1124 sint
580 1061 679 1142 opum
704 1066 816 1148 ignari,
843 1077 950 1127 tamen
969 1061 1071 1131 causae
1088 1076 1121 1124 et
1140 1061 1223 1124 bella
1244 1079 1309 1120 cou-

228 1213 237 1230 ..
272 1169 421 1232 trahunt,
448 1183 483 1224 ao
501 1161 529 1224 se
553 1160 733 1242 frequenter
757 1167 898 1228 invicem
922 1163 1078 1242 infestent.
1131 1163 1222 1245 Opes
1245 1159 1310 1220 sunt

271 1267 346 1330 fone
371 1283 404 1328 et
426 1267 516 1348 origo
537 1263 716 1342 belluinum
748 1268 803 1328 hae
823 1269 920 1350 igitur
935 1271 1034 1347 quuin
1055 1285 1121 1326 non
1141 1264 1309 1334 aestiment,

270 1373 375 1432 immo
398 1369 693 1452 ignorenttetiam
717 1389 758 1430 ne
780 1365 857 1432 belli
881 1370 1013 1448 quidem
1032 1368 1185 1429 notitiam
1203 1364 1310 1424 habere

272 1471 478 1553 supponeres.
513 1469 574 1530 Sed
593 1487 662 1530 non
679 1471 720 1532 ita
737 1469 819 1530 hene
834 1470 907 1532 cuin
925 1464 986 1532 illie
1000 1473 1116 1553 agitur.
1151 1468 1222 1530 Atia
1237 1464 1309 1527 furia

246 1578 251 1593 ‘
271 1575 331 1643 est
364 1593 442 1654 quae
457 1581 513 1631 e'os
527 1573 682 1656 exagitem
708 1573 850 1655 gaudent
870 1572 996 1655 abigere
1017 1572 1176 1632 vicinum.
1231 1569 1309 1637 Hinc

270 1677 356 1736 inter
372 1693 427 1734 eoo
443 1675 626 1737 etiamtum
648 1673 753 1734 causae
774 1673 928 1742 bellandi,
955 1670 1103 1754 tumrpsa
1120 1672 1215 1732 bella
1258 1668 1308 1730 lsla
1350 1679 1351 1682 ’

270 1777 315 1838 est
344 1792 436 1836 mene
462 1773 582 1844 blelae;
609 1788 649 1834 et
676 1788 784 1836 totum
816 1775 880 1834 hoc
907 1776 951 1834 ita
979 1777 1100 1836 nexuin
1127 1769 1308 1836 considerari

270 1877 378 1948 debet,
399 1895 467 1938 non
482 1895 517 1936 ea
533 1877 643 1945 modo,
667 1897 746 1957 quae
765 1859 945 1957 sequuntur,
969 1889 1005 1936 ut
1022 1875 1173 1937 obnitens
1190 1869 1307 1936 Vossius

269 1981 380 2062 exigit.
417 1999 441 2042 1.
466 1996 674 2040 ououovtve.
722 1966 830 2060 Quod
839 1991 944 2038 autem
962 1979 1104 2042 dedeum
1120 1997 1180 2058 pro
1197 1988 1305 2042 tamen,
1352 2055 1353 2058 Ἴ

269 2085 365 2142 ineo
389 2101 517 2161 quoque
538 2095 661 2140 veteres
687 2077 808 2142 secutus
833 2077 900 2138 sum
924 2079 1125 2141 membranas
1144 2093 1178 2140 et
1200 2077 1305 2140 editio·

262 2193 347 2244 ’nem
373 2185 571 2266 principem3
614 2201 688 2242 curn
710 2180 814 2250 causa,
847 2181 1056 2261 quamobrem
1077 2180 1162 2242 bella
1191 2193 1305 2240 contra·

115 2269 117 2272 ⁵
183 2362 194 2368 ⁸
267 2285 362 2354 hant,
397 2286 509 2344 clariue
532 2305 570 2344 ex
592 2283 646 2352 iis,
678 2303 760 2363 quae
784 2281 972 2362 sequuntur,
1005 2303 1099 2364 quant
1122 2282 1206 2352 istis,
1232 2297 1303 2360 quae

267 2385 472 2469 praecessere,
501 2385 704 2466 intelligatur.
752 2403 887 2446 vossius
911 2385 944 2444 in
973 2383 1146 2464 appendice
1167 2383 1265 2444 adh.
1284 2379 1302 2442 l.

266 2489 421 2553 Voculam
444 2499 567 2580 tantan,
600 2485 724 2548 Msstis
746 2489 842 2546 etiam
867 2485 1047 2556 adiutue,'
1038 2507 1071 2562 tp
1092 2499 1186 2556 nota,
1215 2501 1303 2565 quant

147 2663 149 2670 Ι
240 2578 483 2650 ‘coniunctam
493 2587 640 2656 exhibui,
668 2585 738 2647 satta
753 2587 931 2648 vindicavit
947 2587 1144 2650 Gronovius
1187 2581 1303 2650 Mirtt'ut

267 2704 393 2758 tarnen,
419 2709 475 2748 cur
496 2689 623 2768 plenam
640 2691 788 2750 codicum
808 2689 980 2754 lectionem
1002 2689 1135 2752 reddere
1156 2690 1301 2772 negligat,

111 2775 116 2788 ⁶
190 2807 191 2810 ’
266 2795 358 2874 quod
389 2807 473 2876 certe
506 2791 545 2874 ‘li
577 2791 726 2850 Gudiano
764 2791 929 2852 adfirmare
961 2789 1098 2873 possum,
1150 2790 1300 2853 Bellorum

265 2895 387 2956 duriter
408 2891 492 2954 abest
512 2904 545 2952 et
561 2912 607 2952 ex
630 2889 715 2974 sequ.
738 2887 908 2953 arcessitur.

225 3177 230 3184 ¹
340 3117 388 3156 ac
406 3085 479 3186 se)
509 3093 639 3157 ‘Cibin.
663 3093 756 3156 Paris.
779 3108 810 3172 5.
832 3093 971 3182 Vindob.
990 3093 1130 3179 Rehdig.
1152 3096 1252 3158 Vatie.
1272 3113 1297 3154 1.

264 3209 298 3260 et
313 3195 396 3286 sorte
423 3199 533 3281 Venet.
558 3197 664 3258 Havn.
688 3193 807 3286 ueste,
840 3199 890 3256 uti
911 3187 1027 3279 legitur
1048 3199 1083 3256 in
1106 3196 1298 3260 editionibus

264 3301 303 3360 ad
327 3297 509 3366 Schottum,
537 3301 605 3380 qui,
636 3299 821 3360 aPintiano
842 3298 1037 3368 admonitus,
1066 3297 1217 3379 sequente
1237 3293 1298 3380 post

223 3402 224 3411 ’
264 3398 372 3462 Vossto
393 3414 426 3461 et
441 3401 587 3481 reliquie,
614 3398 755 3482 reposuit
776 3421 816 3460 ac
829 3389 884 3488 se,
910 3399 996 3478 quod
1016 3415 1139 3481 praeter
1154 3402 1234 3464 alios
1251 3415 1295 3458 co·

263 3501 349 3566 dices
378 3501 506 3562 sustinet
535 3504 632 3562 etiam
661 3518 772 3562 nexus.
824 3502 873 3560 Ex
896 3501 1054 3579 prioribus
1075 3503 1128 3566 ed.
1147 3516 1182 3579 5.
1204 3500 1296 3583 negli-

263 3605 370 3688 gentia
391 3617 515 3664 tantum
537 3605 656 3664 librarii
679 3603 815 3682 protulit
837 3622 876 3660 oc
886 3597 932 3689 fl
986 3603 1066 3664 Mox
1083 3605 1177 3687 Prag.
1200 3602 1296 3684 prole·

262 3704 376 3768 tundi
376 3727 433 3775 ea;
464 3705 672 3784 posteriorem
696 3722 809 3764 vocem
834 3705 983 3785 ignorant
1003 3705 1142 3768 vindob.
1164 3719 1198 3768 et
1217 3705 1295 3768 Ciac·

255 3807 366 3899 sconii,
392 3807 446 3886 qui
462 3819 495 3868 et
510 3805 575 3888 ipse
590 3827 660 3868 eam
677 3807 852 3866 redundare
868 3805 997 3870 iudicat.

336 4007 502 4090 pedite)
553 4011 600 4070 lta
616 4029 728 4070 omnes
746 4007 836 4076 libri,
864 4021 988 4067 tantum
1005 4022 1096 4094 antea
1112 4009 1219 4072 Cibin.
1230 3997 1291 4094 ¹ulfi
1352 3999 1353 4008 ¹

246 4112 406 4193 ⁴eqttt'tutu
432 4110 537 4173 modo.
579 4109 752 4190 Displicuit
767 4123 878 4168 tamen
900 4109 951 4168 illa
972 4130 1036 4170 vox
1056 4111 1219 4182 Pintiano,
1244 4105 1292 4190 qui
1352 4179 1353 4188 ἵ

257 4211 400 4274 substitui
426 4212 561 4274 malebat
583 4211 740 4292 peditatu.
777 4207 875 4275 Causa
894 4211 927 4272 iu
945 4218 1054 4294 aperto
1072 4212 1125 4278 esi.
1167 4215 1220 4277 Sic
1238 4206 1290 4272 lul.
