2824 4882
258 425 322 530 ’,ιιι
474 416 477 432 ¹
561 419 1012 504 rontonnacum
1096 401 1103 416 ’

263 618 323 682 esse
341 621 466 700 cuipam
489 617 716 683 existimemus.
763 619 788 681 A
810 606 1000 680 Mauritania
1016 607 1118 695 nique
1132 611 1170 674 ad
1189 603 1312 694 Mossy-

262 721 361 783 licum
378 722 638 804 promuntorium
655 719 720 784 solo
737 719 821 785 Coro
838 735 938 782 vento
953 717 1095 801 navigari
1111 713 1207 797 posse,
1231 709 1312 806 suba

265 819 392 904 Ieriplit.
415 842 481 884 non
499 842 610 884 veroa
628 817 793 904 Mossylico
812 809 1050 884 Mauritaniam.
1084 817 1181 878 Valde
1199 829 1313 877 antem

206 915 211 920 ’
265 917 320 988 Iiic
340 923 423 985 ritiet
436 921 579 986 Plinium
595 926 760 988 Plinianuc
776 925 997 993 Ειιιιιίιιιιοι,Ι
1017 917 1071 1008 [in
1086 919 1186 986 Solio.
1203 938 1232 980 c.
1250 917 1311 993 56.

266 1015 289 1088 s.
307 1025 417 1107 obp.
433 1045 477 1088 ιιι.
498 1037 571 1108 874
585 1022 706 1112 sq}ac
724 1027 883 1110 prolixam
905 1023 1082 1086 admodum
1097 1023 1137 1081 tle
1158 1019 1313 1080 hocloco
1395 1025 1396 1082 l

268 1123 517 1206 dissertationem
543 1128 697 1201 inslituit3
730 1127 781 1192 secl
811 1145 915 1211 neque
943 1126 1057 1194 lubae,
1083 1141 1187 1202 neque
1210 1117 1314 1206 Plinii

267 1241 414 1290 mentem
432 1231 584 1311 percepit.
626 1231 907 1321 operaepretium
928 1227 988 1298 eil,
1011 1221 1314 1305 boopauciaollen·
1395 1269 1396 1278 ,

270 1329 355 1392 dere.
388 1320 508 1396 Dicit
500 1343 604 1412 itaque
619 1331 742 1396 Pliniua
763 1331 896 1412 postea,
920 1327 1178 1414 quaeattulimua
1196 1324 1313 1406 verba:

271 1429 374 1493 Cuius
395 1443 468 1496 lota
487 1426 651 1522 sententia
678 1414 773 1500 stoo'
762 1455 795 1493 tn
819 1433 887 1495 loeo
911 1419 1135 1524 fltbtraheudo
1161 1437 1225 1488 trun
1256 1399 1313 1518 ass.
1395 1449 1396 1460 ¹

270 1533 355 1616 Quia
379 1552 496 1616 nempe
517 1533 555 1595 atl
578 1555 646 1598 rem
668 1555 734 1597 non
757 1531 849 1606 facit,
865 1537 1035 1617 integram
1053 1528 1149 1592 lubae
1166 1527 1315 1610 supputa·

267 1635 394 1694 tionem
414 1630 583 1706 recensere,
611 1635 660 1698 sed
680 1625 787 1699 sallem
808 1637 895 1698 illam
911 1649 1044 1718 partem,
1071 1651 1150 1714 quae
1173 1631 1315 1711 pertinet

269 1737 309 1797 ad
327 1733 470 1816 praeseus
489 1736 681 1809 iustitutum,
705 1740 738 1799 id
752 1737 804 1806 eil,
828 1740 866 1799 atl
882 1733 1060 1812 mensuram
1078 1733 1160 1792 sinuo
1176 1730 1312 1800 ArabIci,

225 1880 226 1888 ι
273 1825 337 1896 live
352 1843 458 1900 totum
475 1831 595 1899 Asriooe
613 1837 694 1902 latua
712 1841 864 1902 orientale
885 1842 972 1899 iuxta
990 1833 1185 1917 hypothesm
1203 1833 1311 1894 lubae.

270 1933 325 2000 Sic
341 1949 419 1998 veto
436 1943 601 2019 computat
617 1941 797 2004 interualla·
825 1943 855 2003 A
873 1939 1093 2021 promuntorio
1109 1933 1313 2006 Iudaeorum,

271 2035 359 2130 quod
378 2051 516 2101 vocatur
537 2041 731 2122 Lepteacra,
757 2041 798 2106 ob
821 2043 896 2104 aliis
916 2041 1124 2120 Drepanum,
1157 2037 1311 2116 proponit

272 2150 358 2200 recto
382 2133 487 2230 ortrsu
493 2141 621 2221 praetor
633 2144 794 2238 Exustam
815 2145 860 2206 ad
866 2129 1010 2206 Moscho
1031 2130 1168 2244 insulam
1186 2135 1311 2219 quinde-
1396 2193 1397 2208 ,

271 2241 336 2300 aios
357 2251 488 2301 eertteuo
505 2243 604 2305 ›trittia
623 2237 716 2336 p'off
728 2237 798 2335 effe,
847 2241 990 2306 Indead
1007 2236 1128 2310 Iocum,
1151 2258 1243 2320 qztem
1258 2233 1311 2299 vo'·

271 2354 349 2401 cant
372 2337 500 2412 Stenon,
524 2345 551 2406 Γ
554 2346 680 2409 CXXV
701 2349 753 2410 M
789 2345 870 2410 orda
884 2343 930 2407 ad
952 2335 1088 2435 insulam
1103 2341 1223 2405 Adanu
1246 2359 1311 2399 cau·

273 2445 342 2502 lum
363 2444 599 2544 qulnquaginta
616 2449 690 2512 mill
712 2421 793 2538 pnff.
830 2449 884 2508 Sic
900 2445 975 2538 fieri
995 2444 1040 2506 ad
1059 2456 1204 2521 apertum
1228 2433 1312 2502 more

265 2528 393 2605 XVIII.
423 2545 552 2610 LXXII.
570 2547 626 2610 M.
643 2551 681 2612 P.
717 2551 855 2630 Reliqua
877 2568 982 2608 omnes
1008 2557 1139 2626 propter
1160 2543 1261 2604 Solis-
1254 2561 1313 2603 -or-

157 2633 162 2645 ⁸
244 2697 251 2710 ,
273 2643 379 2705 aorem
394 2649 541 2728 navigari
555 2639 692 2740 poffe
657 2673 720 2712 urm
742 2661 949 2731 putauerunt.
987 2647 1090 2708 Locua
1106 2646 1185 2708 hic'
1176 2665 1239 2707 tarn
1257 2643 1313 2704 diu

173 2756 218 2800 .’
274 2759 348 2807 ante
374 2749 522 2809 Solinum
548 2751 732 2832 inquinatus
751 2751 848 2814 inisse
874 2752 1020 2819 videtur,
1054 2747 1139 2828 quod
1167 2747 1312 2816 libenter,

273 2837 312 2905 'ut
332 2863 424 2928 puto,
449 2850 630 2933 agnoscet,
633 2857 703 2934 qui
695 2843 775 2944 quia
792 2867 824 2914 et
842 2853 940 2914 Plinii
956 2863 988 2912 et
1003 2850 1108 2911 Soliui
1126 2845 1222 2909 verba
1241 2867 1313 2908 con·

273 2947 402 3018 tuterit·
441 2942 629 3015 seltener
591 2973 703 3017 veroa
725 2955 836 3023 nobie,
869 2954 912 3014 ita
933 2966 969 3012 ut
989 2943 1083 3010 illum
1101 2951 1155 3010 lnc
1169 2949 1313 3012 exlubur

273 3068 365 3120 mue,
391 3051 451 3113 else
473 3053 668 3128 restitutum,
700 3077 798 3119 nemo
821 3051 879 3116 niu
902 3055 1077 3137 malignus
1108 3039 1165 3112 aut
1188 3052 1314 3134 Ignarus
1397 3029 1398 3072 ³

199 3147 201 3154 '
272 3152 393 3216 inficias
415 3155 521 3218 uerit.
573 3145 742 3242 Lep'teacra
763 3159 825 3219 stre
844 3155 1029 3238 Drepanum
1051 3153 1314 3235 promuntorium
1397 3163 1398 3186 ³

44 3289 47 3294 -
148 3329 196 3344 ,ῃ
272 3253 334 3314 in
327 3256 443 3316 mtrmo
458 3255 542 3318 finue
557 3259 681 3322 Arabica
698 3259 813 3324 recessu
829 3255 1159 3320 ettamaPtoletr.aeo
1184 3250 1240 3340 [4,
1258 3245 1312 3339 5.]

270 3356 419 3437 ponitur,
455 3343 601 3440 quamvis
632 3363 658 3422 ia
688 3381 851 3444 perperam
882 3357 1069 3442 otutnguar.
1119 3357 1315 3416 ludaeorum

274 3451 551 3542 [probationum
585 3475 623 3527 ut
648 3456 767 3548 iulgo]
803 3479 880 3524 vero
906 3460 970 3521 boc
994 3457 1149 3542 appellat,
1183 3458 1256 3539 quia
1281 3459 1314 3516 io

217 3557 228 3564 ’
256 3557 468 3620 ·ludaeorum
493 3558 618 3624 ditione'
639 3563 708 3624 illa·
714 3562 797 3624 sanus
821 3561 941 3624 Arabici
963 3581 1032 3641 para
1060 3557 1112 3619 sua
1140 3559 1220 3620 olim
1242 3556 1313 3620 fuit.

276 3655 328 3718 Ob
346 3661 479 3722 eandem
501 3661 658 3726 radonem
682 3663 835 3747 Iosephus
857 3662 913 3725 lib.
932 3674 965 3740 8.
994 3657 1138 3749 [antiqu.
1157 3679 1185 3722 o.
1205 3662 1239 3729 6.
1258 3653 1313 3748 4.]

169 3776 172 3782 “
200 3769 204 3774 ’
274 3757 450 3821 Berenicen
466 3763 687 3828 Hebraeorum
702 3779 795 3827 vocat
814 3780 955 3850 portum.
1008 3761 1158 3824 Exustam
1180 3761 1314 3824 insulam

274 3871 309 3922 et
343 3860 476 3924 insulam
507 3865 626 3928 Malchi
649 3865 790 3944 recenset
819 3859 934 3930 eodem
966 3865 1079 3927 ordine
1110 3852 1313 3925 Ptolemaeus

159 4000 167 4010 ·
275 3959 332 4040 [6.
350 3961 407 4044 7.]
430 3979 462 4025 et
478 3981 586 4031 auctor
598 3969 732 4052 Peripli.
761 3963 813 4058 [p.
827 3983 893 4032 uo.
910 3961 1031 4052 flunt]
1070 3965 1177 4027 Locue
1197 3963 1312 4028 στενῶν

272 4060 346 4122 snrtt
361 4065 527 4148 angustiae,
552 4070 620 4132 aliie
636 4064 807 4162 clarenti,
830 4067 930 4142 botIIe
948 4063 1188 4128 Bobelmandel.
1231 4065 1312 4126 Male

271 4161 375 4252 vulgo
391 4166 521 4234 Sceneos
538 4173 591 4238 vel
607 4172 759 4248 Sceneon,
782 4185 819 4234 ut
835 4169 979 4255 estuptttl
992 4157 1155 4234 solinum.
1193 4165 1311 4230 intutae
