2824 4882
228 483 293 566 μισ
341 533 345 554 ,
522 488 775 550 nonnonrr
818 457 1022 566 nubae

230 664 372 746 optimae
395 663 530 744 alierum
552 656 744 726 virtutum(
774 664 902 736 Scilicet
934 664 968 726 iu
1000 657 1271 726 tauta·brevitate

230 783 345 848 operae
368 767 507 847 pretium
528 763 590 826 suit
610 783 761 837 monere.
794 779 925 852 gentem
949 763 1009 827 else'
1031 766 1065 824 in
1086 763 1271 844 Aethiopia.

231 865 289 940 ubi
308 867 421 928 iustitia
444 887 501 948 pro
520 869 642 950 optima
657 869 778 930 virtute
796 867 976 928 haberetur.
1028 865 1117 950 Quid
1136 865 1271 947 demum

229 967 265 1028 iu
280 957 616 1038 auctoribuadissicile,
640 968 664 1034 'fi
682 983 745 1030 tarn
766 965 863 1052 longe
880 982 913 1030 et
934 966 1071 1030 averbia
1090 979 1123 1027 et
1142 986 1160 1026 a
1181 961 1271 1026 sensu

230 1055 323 1136 liceat
344 1069 512 1132 recedere?
539 1071 541 1076 ’
561 1071 651 1140 Vide,
678 1065 775 1152 quarn
791 1069 875 1131 sacili
890 1087 971 1151 opue
991 1069 1028 1130 iit
1041 1068 1212 1137 medicina,
1239 1078 1275 1125 ut

232 1189 342 1263 reram
364 1185 528 1234 teneamus
546 1172 731 1252 lectionem.
756 1241 760 1249 p
780 1171 906 1242 Scribe:
933 1171 1062 1232 Pulchri
1071 1161 1201 1259 forma,
1225 1189 1275 1228 aa·

232 1274 289 1356 qui
310 1275 462 1353 corporis.
493 1295 667 1361 parumque
691 1275 830 1336 venerati
852 1295 943 1354 opes,
974 1272 1046 1343 attis
1067 1271 1169 1332 veluti
1191 1269 1274 1347 opti·

231 1395 357 1464 ¹arrarum
376 1375 545 1438 virtutum.
584 1376 632 1436 Ex
653 1375 819 1438 Herodoto
839 1374 917 1436 hacc
932 1373 1040 1436 habet.
1077 1376 1110 1434 le
1131 1389 1272 1452 namque

132 1461 137 1478 ⁴
230 1473 396 1558 postquam
429 1476 473 1568 de¹
501 1468 684 1548 Automolia
712 1478 777 1561 egit
802 1476 858 1539 lib.
880 1492 913 1540 2.
944 1471 1031 1563 [cap.
1058 1469 1138 1562 μ]
1170 1491 1273 1558 genua

232 1577 393 1662 quoddam
417 1575 616 1660 Aethiopum
643 1576 790 1639 describit
816 1578 1030 1665 incolentium
1062 1576 1195 1645 urbem,
1238 1576 1274 1633 sn

231 1698 292 1762 qua
309 1696 422 1740 ornnes
442 1677 541 1740 allent
561 1669 681 1762 ae'quali
697 1679 932 1764 magnitudine.
986 1679 1104 1740 Verum
1122 1692 1156 1738 et
1176 1675 1274 1745 Mela,

231 1779 295 1840 hoc
312 1763 494 1860 ipsu,capite
510 1781 682 1843 lectionem
699 1781 780 1842 hanc
797 1783 974 1850 confirmat.
995 1798 1070 1840 curu
1088 1780 1127 1839 dc
1142 1778 1275 1839 Aethio·

231 1883 326 1966 pibus
344 1879 502 1962 Hesperiis
524 1884 617 1952 dicit,
645 1903 700 1946 eos
720 1904 789 1944 nou
805 1882 928 1968 elicito
948 1877 1129 1960 corporibus
1141 1875 1276 1970 [renites.

232 1997 325 2066 atque
347 1981 411 2052 isti,
444 1984 483 2046 de
506 1985 620 2064 quibus
644 1984 696 2046 bic
719 1985 794 2068 agit.
846 1977 1019 2066 Sequentia
1035 1982 1132 2044 verba
1153 1995 1185 2043 et
1210 1979 1274 2062 ipsa

229 2082 393 2151 manifesta
417 2082 497 2146 sunt.
537 2088 623 2148 Dicit
639 2085 677 2148 ab
693 2086 906 2168 Aethiopibus
923 2084 1089 2146 contemni
1109 2102 1223 2158 aurum
1240 2095 1276 2144 et

220 2199 416 2276 argentum.
441 2201 601 2268 tamquam
616 2207 694 2270 quac
710 2188 793 2248 nihil
810 2185 924 2248 saciant
944 2189 984 2248 ad
1006 2205 1115 2248 veram
1137 2184 1275 2246 beatitu-

197 2369 202 2386 .
233 2291 354 2350 dinem.
408 2287 499 2350 Alius
519 2290 714 2368 optimorum
733 2291 889 2350 uiruttum
912 2289 1011 2370 proba
1038 2287 1177 2355 locutio,
1211 2303 1274 2376 pro

232 2392 352 2468 alieuius
366 2385 406 2448 ab
423 2391 552 2470 optimis
567 2388 749 2452 virtutibus.
777 2391 832 2454 Sic
842 2391 996 2451 Horatius
1006 2389 1060 2450 lih.
1074 2404 1105 2452 2.
1120 2391 1223 2452 sum.
1236 2401 1274 2466 3.

234 2487 288 2612 [v.
313 2483 421 2575 208.]
407 2483 531 2575 ]dixit
545 2481 668 2582 species
690 2493 772 2554 atlas
792 2493 858 2552 veri
883 2510 942 2573 pro
973 2488 1136 2572 speciebus
1161 2489 1275 2550 alienis

232 2596 249 2658 a
267 2597 410 2654 veritate.
447 2592 512 2654 sert
528 2607 560 2653 et
579 2592 689 2654 Gracci
706 2593 745 2654 fic
767 2594 951 2674 loquuntur,
973 2604 1009 2652 ut
1026 2611 1101 2652 cum
1118 2589 1210 2652 Plato
1226 2593 1275 2652 ait

232 2691 340 2792 ἕτερον
368 2689 428 2758 τοῦ
457 2685 619 2778 ἀληθοῦς,
654 2687 730 2778 [lib.
753 2715 781 2756 t.
805 2697 852 2756 de
863 2713 930 2776 rep
952 2713 987 2776 p.
1009 2694 1090 2766 167.
1112 2685 1270 2776 liipont.]

125 2781 136 2794 *
231 2817 290 2882 pro
305 2815 356 2867 eo,
362 2777 463 2876 quod
480 2797 616 2858 minime
631 2813 745 2856 verunt
751 2791 873 2858 esl.V
849 2794 928 2858 Vsus
941 2793 1093 2864 obtinuit,
1113 2807 1149 2854 ut
1164 2796 1276 2876 potius

231 2900 353 2961 alienus
379 2896 463 2980 apud
491 2891 644 2960 Latinot'
655 2911 688 2958 et
715 2891 889 2984 ἀλλότριος
912 2897 995 2979 apud
1028 2895 1164 2956 Graecos
1196 2913 1276 2958 curu
1378 2921 1403 2938 ψ

132 3072 135 3080 ‚
232 2999 384 3090 genitivis
402 2997 634 3080 construantur,
660 2998 741 3060 nihil
761 3013 870 3084 tamen
890 2999 953 3060 boc
970 2996 1074 3068 obest,
1099 2997 1276 3080 quominus

231 3117 266 3165 et
291 3104 424 3164 alterum
447 3095 634 3164 rectumst.
668 3119 810 3162 vucsws.
864 3101 952 3162 Avus
975 3101 1015 3160 ad
1040 3111 1151 3160 notam
1174 3094 1276 3160 voffu

233 3202 408 3286 adscripsit.
445 3201 538 3262 Forte
555 3201 778 3274 uliatroluit;
800 3190 987 3289 [procliis]
1012 3198 1097 3262 l'ecue
1114 3199 1230 3262 bautl'
1221 3221 1276 3260 tn·

232 3307 361 3398 tellig03
387 3305 537 3386 idemque
558 3305 653 3366 etiam
672 3305 873 3366 al'erizonio
889 3299 1154 3364 animadversum.
1196 3299 1277 3362 Bar·

189 3445 191 3454 =
232 3409 368 3488 thiuad.
384 3405 406 3467 l.
431 3406 527 3490 legit:
555 3427 729 3488 par-ruitque
748 3391 891 3466 venerati
908 3406 1051 3472 tonores,
1074 3403 1174 3464 veluti
1187 3403 1275 3482 opti·

155 3572 159 3592 ,
232 3489 492 3572 irrarunrusumni
513 3505 851 3588 (itaedideratsteph.
860 3505 873 3582 )
893 3505 1060 3567 virtutum.
1088 3523 1120 3566 Α.
1138 3521 1274 3590 cuono·

235 3631 325 3672 vivs.
364 3607 447 3692 -Qui
469 3621 542 3670 ante
559 3605 702 3670 Voffium
724 3609 800 3668 haec
817 3607 913 3668 verba
934 3617 1124 3676 tractarunt,
1156 3625 1275 3688 parum

234 3711 397 3774 codicibus
414 3708 580 3778 dederunt,
604 3697 751 3792 pleraque
767 3709 913 3777 arbitrio,
940 3709 1077 3768 maxime
1091 3707 1276 3780 Pintianue,

233 3811 376 3896 dispersis
405 3811 539 3870 aliorum
569 3811 695 3871 indiciis
727 3808 832 3900 ducti,
870 3809 925 3870 etsi
958 3807 1046 3870 facile
1073 3809 1276 3894 intelligitur,

125 3927 133 3944 ·
210 3903 332 3981 ¹alium
353 3913 412 3972 alia
435 3926 467 3973 et
486 3911 586 3974 modo
607 3913 769 3993 pauciora,
802 3911 1005 3992 ¹1¹0‘10Plllfa
1028 3911 1195 3972 d⁰00d⁰¹¹¹
1215 3931 1278 3991 1²⁰·

232 4003 311 4100 pulo
329 4015 581 4076 corunlemorare
602 4011 699 4096 poue,
725 4025 767 4084 et,
792 4031 870 4094 quae
886 4012 924 4072 ab
940 4025 1068 4074 auctore
1085 4011 1166 4072 dicta
1183 4011 1278 4074 vide·
1300 4024 1306 4042 ¹

234 4130 342 4185 antur,
369 4115 517 4176 codicum
536 4115 812 4198 praeceptionibus
831 4115 899 4198 regi
918 4127 950 4174 et
973 4112 1073 4175 statui.
1126 4113 1173 4174 lta
1195 4132 1277 4175 cum

234 4221 271 4282 iu
291 4216 516 4313 ernendatione
533 4217 673 4300 salmasii
690 4215 828 4313 iustitiae
847 4213 923 4308 serii
944 4199 1090 4304 nequeait,
1116 4227 1279 4304 corruunt
