2722 4882
340 485 449 544 tna.
479 487 532 542 ur.
577 480 813 558 c.v1.§.7.
901 481 905 494 ·
1049 496 1107 566 ¹89

1 687 2 692 ¹
53 657 145 722 inde
163 647 304 742 occurrit
314 659 528 731 imitationi,
555 681 633 742 quae
650 681 742 724 exeo
760 655 860 723 enasci
880 657 991 744 polin,
1019 662 1107 742 quotl

53 762 192 824 Tacitus
214 762 296 824 hanc
318 761 452 823 insulam
470 763 692 826 Godanoniam
713 763 774 824 suia
795 765 1016 825 Thuitonibne
1038 781 1108 826 non

54 864 192 926 tribuat.
230 853 366 926 'Melam
391 885 509 952 nempe
529 867 582 927 vel
599 885 665 927 non
687 865 863 937 consuluit,
889 868 944 925 vel
965 868 995 926 ei
1009 867 1107 926 fidem

54 985 127 1025 non
147 961 425 1039 habuitiPliniut
440 981 547 1027 autem
567 965 750 1034 commiscet
766 967 867 1028 smum
883 967 1054 1032 Codanum
1072 979 1107 1027 et

55 1085 149 1128 mare
165 1067 341 1140 Baitieum,
368 1052 461 1151 quoti
475 1067 588 1130 Tacito
612 1068 656 1130 est
675 1063 867 1138 Suevicum‚
893 1081 981 1130 utet
1003 1069 1104 1133 hodie
1202 1083 1205 1088 ’

52 1169 193 1250 quidam
226 1166 358 1232 iaciunt.
411 1170 572 1230 Hactenus
609 1169 674 1233 ille.
731 1171 778 1231 Ea
806 1189 883 1232 vero
918 1184 1106 1252 argumenta
1194 1196 1196 1208 ·

54 1269 328 1348 Schloetzeruenc.
345 1271 368 1332 l.
393 1271 446 1332 vel
458 1272 598 1341 infirma,
624 1272 678 1332 vel
694 1272 732 1332 iia
748 1273 826 1337 viria
840 1272 970 1356 indigna
988 1269 1105 1353 censet.

52 1369 174 1432 Insunt
189 1375 290 1442 enim,
316 1391 396 1452 quae
416 1373 450 1432 in
467 1385 635 1454 utramque
655 1386 777 1454 partem
795 1373 948 1454 disputari
961 1373 1105 1454 possunt,

1 1517 2 1521 ,
54 1493 116 1534 nec
131 1488 309 1558 repugnat,
333 1475 477 1555 quod-ati
500 1475 755 1553 internecionem
774 1474 885 1536 olima
902 1474 1009 1535 Mario
1021 1475 1106 1534 Teu·

53 1577 129 1635 toni
152 1575 228 1635 caefi
245 1587 343 1638 erant.
360 1557 363 1562 ¹
397 1575 500 1636 Melae
517 1578 605 1637 enim
622 1589 768 1658 tempore
785 1577 965 1662 incolebant
979 1575 1107 1636 Codani

53 1675 143 1737 finus
160 1690 300 1758 partem,
325 1690 363 1736 ut
380 1675 444 1758 ipse
459 1677 553 1739 docet
572 1675 663 1758 supra
687 1697 713 1740 o.
731 1691 764 1754 3.
783 1667 805 1740 i.
831 1692 864 1738 et
882 1679 965 1754 hanc
979 1675 1105 1758 insuper

55 1775 213 1849 infulam,
237 1762 317 1840 iicet
332 1777 511 1840 Ancherien
527 1799 558 1860 p.
582 1791 661 1857 172.
680 1799 707 1841 c.
723 1779 743 1840 l.
771 1799 810 1840 ex
829 1773 982 1860 particuli
998 1778 1105 1862 adhuc

55 1869 152 1962 plura
171 1879 239 1942 looa
258 1897 309 1941 eae
329 1892 420 1941 antea
436 1879 568 1941 tenuiffe
584 1901 649 1941 non
667 1893 787 1942 temere
803 1882 947 1964 conligit.
1003 1879 1105 1962 Quod

1 2012 2 2026 2
55 1981 297 2064 Schoeningiue
314 1980 535 2042 Codanoniom
551 1993 642 2062 putet
656 1981 715 2042 effe
729 1980 921 2043 Danuuium
941 1983 962 2043 i.
982 2003 1010 2044 e.
1029 1981 1105 2043 Do·

56 2085 164 2150 niam.
201 2084 253 2144 cui
280 2081 392 2143 Graeci
416 2095 449 2144 et
481 2083 620 2144 Romani
649 2082 851 2163 maeiixerint
880 2080 1029 2162 syllabam
1056 2081 1104 2144 Co

58 2179 164 2263 (iere,
191 2197 229 2244 ut
243 2185 378 2266 explicat
392 2185 563 2246 Cluverius
573 2187 614 2257 sin
632 2184 741 2246 Germ.
756 2197 821 2247 ant.
843 2203 873 2256 1,
893 2184 950 2248 26.
975 2203 1007 2264 p.
1021 2194 1104 2260 185.
1202 2191 1207 2203 ‘

59 2286 210 2368 quamvis
231 2285 285 2346 ille
308 2305 325 2346 a
345 2287 406 2348 deo
428 2272 512 2346 Dan
535 2305 654 2348 nornen
678 2286 820 2362 derivat)
845 2283 1000 2346 refutatus
1024 2285 1105 2346 esta

1 2413 2 2448 i
58 2384 404 2464 Sehloetzero'T.15.
425 2407 456 2467 p.
480 2387 590 2464 fiiiac.
614 2388 637 2450 1.
681 2388 845 2461 Pontantn
865 2409 898 2468 p.
922 2403 1006 2466 717.
1031 2407 1057 2447 c.
1081 2386 1105 2448 le

60 2490 153 2550 malit
172 2487 341 2560 (indanio3
363 2489 534 2558 fluctuatur
550 2488 708 2574 (inpetus.
742 2489 825 2550 Nam
840 2501 878 2560 ut
895 2487 1103 2570 supra'retuli,
1125 2509 1132 2520 ·
1164 2519 1167 2524 2

61 2605 143 2650 cum·
162 2584 273 2651 Voffio
293 2590 371 2672 legit
394 2589 620 2651 Scandinoviu.
672 2592 735 2654 Sed
755 2592 789 2650 in
806 2589 932 2672 epistola
956 2592 993 2652 ad
1011 2592 1104 2672 Sper·
1130 2627 1132 2642 .

1 2697 2 2706 ’
59 2690 200 2774 lingium
223 2693 258 2750 iu
279 2691 392 2752 l'oleni
415 2688 561 2752 thesauro
585 2677 708 2773 Voiflt.
732 2713 763 2774 p.
783 2705 841 2770 51.
866 2705 974 2752 tuetur
999 2691 1115 2781 Cocio-p*

61 2795 177 2862 nenia,
203 2795 276 2872 quia
290 2791 502 2854 Scandinovia
517 2793 611 2854 latius
630 2795 834 2866 extendatur3
866 2795 952 2874 quod
972 2795 1104 2874 quidem
1168 2831 1174 2840 ·

60 2893 187 2955 Plinius
220 2891 356 2954 obscure.
385 2895 502 2956 innuit.
556 2895 657 2956 Antea
683 2897 717 2954 in
742 2887 799 2956 aiia
834 2896 962 2976 epistola
987 2916 1018 2975 p.
1044 2911 1102 2972 29.

61 2995 199 3057 Daniam
218 2995 271 3054 hic
286 2995 382 3055 latere
399 3007 500 3077 putat.
537 2993 696 3076 Equidem
710 2995 787 3056 haec
804 2996 966 3057 existimo:
997 2995 1103 3055 (intio
1129 3000 1131 3010 ’

61 3101 160 3180 notaio
176 3116 216 3156 ex
237 3097 364 3180 liuguae
380 3097 505 3158 ratione
525 3099 639 3160 melius
662 3097 783 3158 dicatur
803 3096 960 3159 Cedonia.
1011 3098 1102 3160 Tum

61 3215 159 3262 nemo
184 3211 257 3258 ante
286 3211 319 3258 et
347 3197 415 3278 post
444 3199 565 3260 Melam
590 3181 889 3268 Codanoniamhic
908 3183 1102 3270 etomnino

62 3287 181 3371 novit.
202 3302 305 3376 immo
326 3300 467 3382 plerique
483 3301 725 3365 scandinaviam
748 3313 875 3382 putant.
916 3299 1016 3361 Porro
1039 3299 1103 3360 Pli-

63 3403 134 3465 niue
150 3417 185 3481 4,
207 3417 262 3477 27.
282 3399 302 3464 i.
324 3415 381 3480 15.
407 3403 489 3462 dum
503 3401 676 3463 Codanum
697 3401 798 3462 finum
816 3399 925 3462 insulie
947 3398 1102 3462 refertum

63 3504 121 3565 effe
146 3505 243 3565 etiam
269 3501 382 3572 tradit,
417 3503 568 3584 deinceps
593 3501 742 3574 subiicit,¹
772 3523 905 3586 quinum
933 3495 1102 3592 clartffima
1128 3489 1139 3524 '¹

65 3603 285 3666 scandinavia
304 3601 364 3695 est,
390 3604 483 3686 plane
499 3617 534 3663 ut
550 3623 590 3666 ex
611 3605 714 3668 nostro
731 3605 781 3664 iila
802 3599 922 3684 petiiiie
942 3605 1101 3667 videatur.

65 3704 133 3768 Nec
149 3704 264 3776 obstat,
292 3706 378 3786 quod
397 3707 607 3782 incompertae
628 3704 859 3784 magnitudinis
876 3705 968 3775 dicit,
995 3707 1099 3766 immo

65 3803 167 3868 Melae
188 3807 402 3868 narrationem
426 3807 610 3878 confirmat;
643 3819 768 3868 tantum
790 3807 914 3868 definiri
937 3827 1013 3870 eam
1031 3825 1101 3868 nou

65 3909 146 3988 poffe
160 3923 282 3971 monet.
332 3908 464 3989 Reliqua
480 3909 575 3969 etiam
592 3907 711 3970 diversa
727 3910 858 3989 quidem
874 3903 1101 3992 progreffioue‚

69 4005 117 4070 sed
143 4010 258 4072 eodem
281 4030 366 4072 nexu
388 4007 493 4072 refert.
556 4010 644 4071 Bene
670 4011 768 4094 igitur
793 4009 957 4094 cognitam
983 4009 1100 4070 habere

65 4105 146 4172 Mela
161 4111 281 4182 debuit,
306 4111 381 4172 cuin
398 4114 438 4176 ad
452 4111 594 4172 Plinium
611 4127 782 4197 propagare
801 4110 914 4194 poffet.
929 4157 933 4162 -
951 4110 1100 4194 Haeigi-
1180 4149 1187 4172 .=

67 4221 115 4273 tur
135 4215 272 4279 rationes
296 4233 348 4276 me
372 4224 565 4288 moverunt,
600 4225 636 4274 ut
660 4213 878 4287 Scandinooia
895 4231 978 4275 cum¹
992 4207 1100 4276 Voffio

297 4364 314 4409 ⁸
378 4413 380 4418 .
