2736 4884
327 475 424 558 xtra.
453 477 506 532 m.
550 475 672 558 cru.
712 472 793 546 te
857 429 864 512 ἶ
978 451 984 464 ’

51 661 186 710 tremam
203 647 302 710 Tauri
329 663 453 732 partem
480 647 571 712 fuisse
600 649 805 742 appellatam,
841 645 891 711 secl
914 667 992 712 vero
1013 651 1088 710 ulti·
1134 682 1137 689 -=

50 770 134 812 mum
159 753 238 814 lmai
265 753 527 834 promuntorium
551 753 690 814 Tamum
721 751 772 812 vel
794 751 968 812 Tamarum
998 749 1092 814 suilla·
1159 787 1172 812 r

51 854 215 916 creditum.
267 853 455 916 Ptolemaeo
470 847 494 940 s
505 867 536 930 7,
561 847 616 940 9.]
651 853 714 914 hoc
743 856 1008 933 promuntorium
1042 853 1088 916 est

51 949 211 1040 Tripolin,
246 957 296 1016 uti
320 955 443 1020 habeut
466 968 572 1018 vetera
594 955 801 1036 exemplaria,
835 975 903 1016 non
926 951 1087 1042 Τὴμαλα,
1126 1015 1129 1020 .

52 1071 85 1116 ut
101 1057 209 1140 vulgo.
242 1073 383 1120 vocatus
437 1057 471 1120 Si
490 1048 609 1118 Melam
623 1058 730 1118 audias
744 1069 778 1118 et
800 1057 833 1116 iu
850 1056 910 1119 suis
925 1057 1019 1120 rebus
1043 1055 1087 1118 se·

51 1159 210 1238 quendum
232 1173 340 1242 putee,
370 1155 461 1230 sallo,
488 1160 610 1218 utiam
634 1172 724 1220 antea
748 1159 870 1220 dictum
894 1159 952 1230 est,
980 1159 1087 1220 Tabin

53 1257 204 1320 substituit
230 1261 408 1322 Pintiauue.
455 1261 571 1344 Quod
586 1263 673 1321 enim
701 1260 798 1325 huim
821 1263 932 1342 capitis
954 1262 1092 1326 initium.

51 1361 153 1431 docet,
188 1361 292 1426 noller
312 1364 440 1444 indiam
463 1362 521 1424 bac
541 1376 670 1444 partea
687 1363 787 1436 Tauri
805 1363 886 1446 iugis
910 1363 1103 1440 exorditur„

53 1463 189 1524 Taurum
214 1450 380 1547 autemab
402 1464 479 1526 Eoie
504 1464 652 1526 litoribue
677 1463 821 1534 adtollit,
847 1461 907 1542 (cf.
929 1465 1028 1544 etiam
1056 1485 1087 1536 1,
1152 1461 1156 1468 ’
1201 1471 1203 1478 ’

59 1577 106 1646 15,
125 1567 175 1639 α.)
201 1579 233 1628 et
248 1565 285 1628 ab
301 1586 341 1628 eo
359 1567 455 1650 longe
470 1579 632 1628 remotum
651 1564 728 1626 dicit
743 1565 847 1626 Tabin
863 1579 1020 1636 montem,
1046 1565 1088 1628 stc

55 1679 87 1724 ut
105 1668 185 1733 inter
208 1687 284 1728 eum
303 1681 337 1730 et
358 1669 503 1728 Taurum
524 1666 830 1730 Seree·interelle'nt.
882 1669 932 1728 Ex
951 1687 1014 1750 quo
1035 1667 1089 1728 ad·

41 1757 150 1863 paret,
176 1777 243 1830 non
264 1768 350 1851 polle
370 1769 506 1849 Metam
542 1765 687 1830 filetum
705 1765 898 1840 consentiat,
932 1769 1087 1832 adtollere
1118 1778 1121 1790 '

7 1879 8 1886 ’
54 1869 151 1929 'labin
180 1873 456 1952 promontorium,
493 1873 580 1952 quod
600 1871 789 1952 ponendum
811 1869 855 1934 ess
881 1873 914 1930 in
944 1871 1086 1933 cortfioio
1161 1851 1164 1864 ’

7 1973 8 1978 ’
54 1974 140 2033 marie
154 1971 295 2052 Scythici
314 1986 347 2034 et
361 1973 459 2035 Serici
475 1973 527 2034 vel
542 1972 619 2039 Eoi,
644 1971 747 2032 immo
765 1973 800 2031 in
820 1971 876 2032 illo
893 1975 1011 2056 magia,
1037 1973 1089 2034 uti

7 2072 8 2102 ³
54 2085 130 2134 tecte
151 2077 249 2142 etiam
271 2074 501 2140 demonstravit
522 2073 686 2137 Salmastua
706 2073 744 2132 ad
768 2074 916 2136 Solinum
940 2077 1007 2155 cap'.
1024 2085 1085 2150 553
1196 2075 1203 2082 “

55 2170 72 2232 l.
88 2188 141 2250 52.
165 2197 197 2258 p.
218 2193 263 2238 m.
286 2191 372 2252 700.
424 2176 468 2238 Et
488 2173 531 2238 'stc
557 2174 661 2236 Tabiu
685 2173 802 2238 eodem
823 2189 925 2236 tractu
949 2173 1087 2238 ostendit

7 2275 8 2309 ³
54 2272 170 2340 Plinius
186 2274 219 2348 6,
245 2293 304 2340 πο.
326 2276 348 2340 s.
370 2293 425 2354 1⁴7.
453 2287 517 2359 quo
540 2277 655 2339 noller.
714 2277 845 2336 Tamum
869 2275 1011 2362 agnoscit
1033 2276 1088 2338 hic

7 2399 8 2408 ¹
53 2379 142 2438 etiarn
163 2379 331 2441 Boctatiue
349 2377 370 2449 s,
392 2399 424 2441 v.
447 2380 597 2442 Indicum
615 2397 720 2448 mate,
745 2379 802 2440 ubi
822 2376 944 2440 scribit:
975 2401 1002 2440 'a
1027 2378 1089 2439 Ta·
1124 2419 1127 2424 -
1185 2371 1186 2376 ¹

7 2481 8 2514 ³
57 2497 101 2538 mo
123 2511 170 2527 -
194 2479 341 2541 adrutn·
361 2483 459 2561 maris
479 2480 624 2573 tastum.
661 2483 754 2542 Idem
770 2500 848 2542 vero
865 2483 904 2542 de
919 2481 1088 2558 montibus
1147 2513 1148 2517 ¹
1190 2545 1194 2552 ,
1225 2509 1230 2524 =

7 2605 8 2618 ¹
57 2577 76 2639 l.
95 2601 125 2644 v.
148 2581 270 2644 Tamus
291 2583 404 2671 eadem
427 2583 531 2644 Melae
550 2582 646 2674 verba
662 2584 779 2662 repetit
796 2595 829 2644 et
851 2583 917 2644 levi
938 2584 1088 2666 deprava·

7 2697 8 2705 ¹
56 2681 136 2744 tione
150 2681 288 2765 adspersa
304 2681 325 2744 s.
343 2703 375 2746 v.
395 2683 567 2752 Asiaticum
582 2704 668 2746 mare
686 2683 779 2766 plane
794 2685 832 2745 ad
846 2703 914 2746 rem
926 2697 1089 2753 ,mentern-

57 2801 111 2864 que
127 2785 231 2846 Melae
253 2783 373 2854 scribit:
408 2787 500 2846 Inter
519 2783 639 2846 Tabam
659 2785 740 2870 (leg.
759 2783 919 2868 Tamum)
941 2805 1088 2867 promon-
1144 2819 1148 2834 r
1233 2843 1235 2850 ,

58 2887 179 2957 terium,
212 2887 299 2968 quod
324 2887 445 2948 Taurus
465 2887 591 2948 extollit
613 2898 644 2948 et
672 2882 783 2948 Tabim
805 2900 941 2949 ntorttem
964 2888 1089 2948 Sericus

58 2985 266 3078 estOcearurs.
303 2987 398 3050 Talis
419 2989 586 3073 igiturhic
603 2987 677 3050 ferri
692 2991 813 3070 nequit.
845 2989 961 3070 Neque
979 3003 1088 3050 tamen

59 3091 285 3160 contenderim,
319 3111 359 3152 an
380 3092 541 3176 integrum
562 3109 684 3153 nomen
708 3092 927 3172 intactumque
949 3088 1088 3170 superfit,

60 3192 162 3252 Imaus
188 3193 354 3270 lieiuoldii
378 3196 483 3274 primo
513 3192 614 3254 statim
642 3193 765 3253 intuitu
791 3189 925 3274 speciem
948 3193 1089 3272 aliquam

60 3297 120 3353 veri
148 3293 272 3358 obiicit.
332 3285 570 3358 Strabo'='enint
602 3292 657 3355 lib.
696 3313 821 3376 11·,p.
847 3306 932 3372 357.
954 3292 975 3355 s.
1000 3305 1087 3372 519.

58 3393 110 3458 atti
131 3389 265 3482 Tadpcb
281 3390 320 3461 rb
339 3392 534 3464 τελευταῖον·
552 3395 596 3482 τῇ
615 3382 733 3481 Ἰνδικῇ
754 3385 922 3466 ξυνάπτον
946 3413 995 3464 eo,
1023 3414 1088 3476 quo

61 3495 146 3576 ipsam
161 3499 296 3569 Indiam,
317 3499 355 3560 ad
374 3499 541 3560 Orientem
557 3517 688 3581 vergere
705 3495 819 3558 scribit.
848 3497 890 3558 Et
908 3496 945 3556 lic
959 3497 1015 3558 libt
1031 3486 1096 3573 15,

60 3617 86 3678 p.
101 3619 142 3662 m.
158 3609 243 3681 474.
257 3597 278 3662 [.
295 3601 381 3679 689.
403 3601 540 3662 'Indiam
563 3599 728 3662 terminari
744 3599 821 3660 dicit
839 3619 856 3658 a
873 3581 1088 3679 septentrione

62 3702 200 3762 extremis
224 3703 339 3774 Tauri,
372 3704 407 3762 in
436 3701 553 3782 quibua
579 3701 747 3762 Orientem
773 3698 883 3762 versut
909 3699 1088 3781 sn1maue,

62 3798 122 3864 Nec
140 3803 318 3884 discrepant
341 3805 544 3866 tirrianuain
568 3802 639 3866 lud.
664 3822 690 3866 c.
716 3817 748 3864 a.
779 3799 1003 3882 Marcianop.
1027 3811 1087 3878 25.

9 3984 12 3994 Ι
62 3901 149 3966 Huds.
177 3917 209 3966 et
230 3905 404 3999 Pliniuab,
424 3903 521 3968 trus.
545 3919 601 3979 17.
627 3917 662 3967 et
684 3895 867 3966 Eulsathi'ut
890 3903 929 3964 tul
952 3899 1089 3982 Dionys.
1232 3953 1234 3960 ,

9 4064 13 4075 .
63 4007 185 4084 t.⁵.747
210 4007 327 4094 τμῆμα
352 4005 412 4072 τοῦ
437 4001 696 4092 Tatipauvocat.
748 4005 890 4076 Accedit,
916 3991 1005 4086 quod
1027 4004 1092 4066 Pli·
1118 4044 1123 4050 ι
1176 4043 1184 4054 ,

9 4116 12 4127 ·
63 4105 161 4170 uiuae.
181 4109 202 4171 l.
228 4107 352 4170 indiam
372 4109 411 4170 ab
426 4109 560 4170 Emodu
576 4107 772 4168 montibus
764 4108 887 4188 tucipit,
913 4125 1090 4188 eorumque

8 4289 9 4300 Ρ
63 4212 306 4286 promontorium
338 4208 421 4274 insta
453 4210 578 4272 Imaum
603 4221 779 4281 memorat,
815 4221 928 4270 contra
956 4207 1089 4291 Tamum
