2722 4882
304 487 474 550 oraru.
517 482 746 553 cv1.,r.5.
802 489 805 508 ·
873 449 882 517 ἵ
990 493 1090 577 tro,
1192 451 1202 518 .’

29 640 123 728 caedar
144 661 183 725 de
206 661 245 726 B.
269 660 311 732 G.
327 670 360 740 5,
383 668 446 744 47.
477 659 535 722 ubi
555 660 645 744 plura
668 658 826 720 dederunt
841 649 994 720 *Daviliur
1018 671 1052 720 et

31 765 276 846 Oudendorpiua.
334 761 413 834 Sed,
442 775 481 822 ut
508 765 542 822 in
568 762 637 822 aliia
663 761 781 822 variare
808 759 923 821 eodem
949 760 1050 822 modo

30 865 116 935 [olent
135 881 292 935 auctores,
327 885 388 926 nec
413 861 443 926 le
465 862 554 926 fatali*
578 861 841 946 lege'constringi
871 863 1049 944 patiuntur,

29 969 64 1028 ita
83 969 176 1030 etiam
196 947 241 1030 in)
254 969 369 1032 iisdem
389 964 495 1028 verbio
518 963 621 1027 feciffe
636 964 791 1046 ‘exempla
818 965 947 1025 docent.
996 963 1050 1026 Sic

29 1069 88 1132 tiv.
102 1072 159 1141 26,
177 1073 210 1142 6,
230 1072 265 1134 6·
299 1068 444 1132 Frontin.
463 1083 492 1138 2,
511 1083 621 1138 2,,11.
645 1067 816 1148 obponunt
836 1067 995 1148 equitatus
1016 1078 1051 1128 et
1144 1091 1146 1098 ’

28 1171 123 1252 pedes‚·
148 1171 277 1234 Orosius
294 1169 326 1241 6,
345 1181 378 1248 3.
402 1171 564 1251 equitatus
586 1182 618 1232 et
640 1165 793 1260 yredssres
813 1157 939 1248 copiae*
973 1167 1046 1232 vid.
1117 1189 1121 1198 ¹

29 1273 111 1346 Dion.
137 1269 261 1340 Voll'rus
281 1273 319 1334 ad
341 1273 400 1332 lul.
419 1269 538 1334 Caesar.
563 1271 603 1336 de
621 1269 657 1330 B.
679 1268 719 1331 G.
735 1279 848 1350 [pou.
873 1269 928 1329 ubi
951 1271 1049 1332 etiam

28 1371 197 1436 Pintianum
218 1396 254 1436 ex
271 1374 429 1436 lornande
444 1371 576 1441 refellit,
610 1373 664 1454 qui
680 1371 718 1433 de
734 1370 802 1435 reb.
825 1371 897 1433 Get.
924 1390 991 1455 cap.
1014 1387 1049 1437 α.

29 1490 91 1538 extr.
116 1476 172 1538 ubi
191 1477 310 1537 Melam
327 1477 453 1558 repetit,
477 1477 621 1557 eqrrr'tatu
638 1473 690 1533 vel
709 1472 814 1552 pedite
828 1474 924 1534 etiarn
942 1473 1048 1538 habet.

28 1575 118 1640 Nimia
133 1569 265 1660 superbe
287 1578 359 1638 talia
376 1575 464 1658 saepe
482 1574 596 1638 fastidit
611 1575 789 1638 l‘intianue.
831 1575 865 1637 Si
888 1575 963 1656 quid
981 1596 1051 1636 mu·

28 1681 160 1761 tandum,
194 1679 304 1740 malim
330 1678 461 1758 pedites.
514 1679 576 1740 Sed
604 1675 874 1758 sequentia.hune
903 1691 1051 1741 tenorem
1141 1707 1146 1732 r

29 1777 121 1842 ferrari
138 1783 267 1844 volunt.
302 1779 475 1864 Rehdiger.
500 1777 644 1866 subiicit:
679 1778 740 1838 Sed
761 1776 992 1859 ligiuoerum
1018 1789 1050 1840 et
1112 1867 1115 1878 Ι
1217 1779 1220 1789 “

28 1877 92 1964 digis
104 1896 134 1945 et
150 1881 303 1946 curribus.
344 1875 444 1944 Voces
459 1894 491 1942 et
506 1879 587 1964 bigis
602 1881 687 1942 delet
704 1879 903 1944 Ciacconiua.

89 2084 267 2168 armati)
318 2085 365 2148 Ita
379 2085 496 2146 volunt
513 2081 731 2146 omnesxlibri.
769 2082 995 2148 AtPintianur
1017 2097 1050 2146 et

28 2183 89 2248 haec
109 2189 270 2256 emendat.
294 2200 326 2249 ot
342 2187 493 2254 alterutro
514 2184 612 2247 modo
630 2183 832 2250 scribendum
854 2183 969 2255 censet,
995 2199 1050 2246 aut

14 2279 150 2352 'curribus
178 2289 313 2352 Gallicis
335 2289 469 2358 armati,
504 2302 560 2348 aut
585 2285 724 2356 curribus
752 2286 872 2348 Gallice
901 2289 1078 2351 armatis.'

27 2387 162 2454 Posterius
180 2393 282 2475 magis
305 2391 462 2460 adrideat,
490 2409 563 2450 cum
579 2391 726 2470 primaria
743 2389 835 2450 notio
854 2387 995 2470 versetur
1014 2391 1050 2451 in
1098 2455 1101 2460 ,

27 2490 157 2556 curribus.
199 2491 387 2568 Ciaceoniu'o
403 2493 534 2554 coniicit
554 2489 679 2552 Gallico
699 2503 838 2561 armatu,
863 2492 884 2553 i.
902 2512 929 2552 e.
951 2511 1050 2552 arma·

28 2603 96 2664 tura,
130 2597 181 2656 uti
212 2596 296 2675 apud
323 2594 454 2655 Livium
476 2607 534 2672 37.
565 2586 612 2677 [c.
637 2602 697 2670 to.
715 2585 759 2676 l]
788 2590 894 2657 eodem
921 2605 1051 2655 armatu

29 2695 121 2759 dares.
153 2689 490 2760 Eandem'lectionem
505 2692 649 2777 placuille
665 2715 724 2755 avo
742 2687 780 2754 ad
797 2693 928 2755 Livium
942 2695 998 2766 26,
1015 2709 1050 2773 5.

29 2792 69 2872 [d.
86 2811 114 2877 3.
143 2799 232 2880 quod
260 2797 391 2880 quidem
415 2817 454 2858 ex
476 2797 569 2858 editio
594 2816 662 2857 non
683 2794 836 2876 adparet]
866 2810 978 2858 monet
998 2799 1051 2859 hic
1078 2867 1085 2886 .

29 2899 56 2958 t.
76 2900 275 2970 Gronovius,
307 2912 340 2961 et
361 2899 511 2980 producit
530 2898 633 2958 Taciti
657 2898 764 2958 locum
788 2897 903 2960 Histoe.
929 2913 963 2976 5,
989 2916 1049 2962 22.

30 2996 72 3058 ubi
90 3001 182 3073 haec,
210 3002 317 3083 paullo
340 3014 446 3062 taruen
465 3001 541 3062 hinc
561 2999 749 3060 remotiora:
778 3011 874 3060 ruunt
892 3022 948 3080 per
967 3003 1048 3070 vius,
1071 3049 1077 3064 .

30 3105 109 3178 pauci
142 3117 264 3164 ornatu·
292 3103 442 3174 militari,
478 3101 617 3183 plerique
649 3101 764 3160 circum
794 3097 927 3162 bractea
960 3114 1051 3164 torta

29 3220 57 3260 ve
68 3217 137 3302 teet
149 3203 280 3298 strictis
293 3201 502 3267 rrrucrouibus.
550 3203 625 3263 Dici
642 3201 864 3285 ficpotuillet,
890 3201 943 3264 led
961 3204 1050 3268 unde
1135 3225 1142 3236 ·
1193 3214 1195 3222 ’

30 3299 195 3368 dedictum
217 3305 277 3368 elle
297 3304 476 3389 probetur?

88 3507 284 3591 cooiuos)
320 3507 430 3572 Cibin.
451 3507 600 3577 remittor,
624 3508 673 3567 uti
692 3507 821 3589 quidam
836 3496 970 3592 iufSilio
995 3523 1050 3585 17,

30 3613 99 3683 417.
139 3609 224 3694 Lipl.
250 3611 334 3672 Gud.
359 3600 531 3693 Rehrligei.
563 3611 714 3672 Verior.
740 3611 853 3671 Vener.
878 3610 1051 3683 looirmose

31 3708 113 3774 Vatic.
134 3728 168 3792 3.
197 3715 386 3786 curvirmos;
422 3712 514 3796 Pr'ag.
539 3715 705 3784 curviuos3
739 3709 853 3792 reliqui
876 3731 950 3772 curn
972 3713 1045 3774 edd.

29 3816 158 3884 coviuos,
185 3827 311 3876 tantum
331 3813 419 3896 quod
441 3827 498 3892 αὖ.
521 3814 708 3884 corruimus,
733 3826 766 3874 et
787 3813 920 3874 Viuetua
943 3815 1049 3874 covin-

29 3929 81 3975 cos.
116 3915 306 3980 Ciacconiua
321 3915 452 3977 coniicit
468 3935 596 3986 carmos,
622 3914 705 3996 quasi
723 3912 850 3985 sublata,
878 3927 910 3976 et
925 3913 1049 3999 ablegat

30 4011 59 4072 tl
86 4015 272 4082 Cornelium
298 4038 330 4098 p.
357 4028 441 4098 743.
479 4037 558 4099 quae
583 4015 733 4097 quorsum
759 4017 953 4098 pertineant,
988 4016 1048 4076 uili

29 4108 96 4178 forte
113 4121 152 4180 ad
175 4119 423 4203 etymologiam.
448 4137 516 4181 uon
539 4120 642 4202 capio.
693 4119 755 4181 Sed
780 4118 898 4199 duplex
922 4139 942 4177 n
963 4135 1050 4199 prae·

28 4215 155 4284 tulerunt
177 4221 424 4330 exaemalioribua
451 4221 540 4284 libtia
572 4219 722 4298 Heinliua
752 4233 787 4284 et
809 4218 973 4282 Drakentl.
1005 4217 1046 4282 acl
