2824 4882
369 471 459 554 tre.
491 447 696 552 rrtm'crx.
725 471 817 563 §.33
924 457 928 466 ⁸
1054 481 1156 570 529'.

81 657 208 734 ‘stivae
227 669 378 730 meminit
402 687 528 750 quoqne
548 690 586 730 ex
606 668 717 728 Plinio
734 647 873 730 Solinus.
916 638 1119 758 Ptolemaeus
1192 665 1195 673 '

84 771 137 850 [sn
156 773 208 851 7]
230 773 306 832 duas
323 769 463 832 recenset
485 767 588 834 Adoni
609 768 741 838 insulae',
768 766 824 830 sed
848 751 1014 852 utramque
1036 771 1120 830 intra

84 871 232 958 anguibus
247 873 330 934 horte
349 873 492 935 collocat.
544 873 663 932 Verum
681 871 771 954 illum
791 889 908 940 errare,
936 885 1064 954 apparet
1080 884 1141 932 ex·
1230 859 1233 866 ’

83 975 144 1036 boc
168 973 265 1035 lubae
286 975 378 1043 loco,
411 985 443 1034 et
465 995 504 1036 ex
526 975 623 1056 ipsura
646 972 691 1034 rai
716 973 861 1034 veritate
921 974 1004 1056 Quis
1031 975 1120 1035 enim

86 1075 228 1137 dubitare
248 1066 369 1156 poffit
361 1098 394 1137 tn
411 1052 590 1160 posterum,
616 1075 693 1160 quin
710 1073 811 1135 Adoni
833 1067 930 1136 insula
953 1075 989 1136 srt
1004 1072 1120 1137 famosa

83 1175 134 1238 illa
155 1175 339 1259 peninsula,
372 1199 470 1259 quarn
491 1172 594 1262 vulgo
616 1175 708 1245 Adest
733 1175 951 1256 appellamus?
1002 1159 1121 1238 Verum

83 1278 141 1340 elle
156 1281 245 1360 quod
260 1279 410 1350 dicimur,
433 1279 562 1342 docebit
577 1297 707 1360 quoque
725 1291 835 1338 auctor
848 1279 976 1360 Peripli,
997 1273 1049 1367 [Ρ
1064 1273 1120 1361 ιίΡζ

83 1373 208 1465 Horis]
232 1381 286 1462 qui
309 1379 347 1440 ab
369 1381 517 1466 anguillis
534 1381 597 1446 illis
613 1379 780 1462 Praedictis
802 1397 903 1460 usque
923 1382 959 1442 erl
977 1381 1123 1443 Arabiam
1153 1431 1157 1442 ,

84 1478 208 1543 felicem
237 1483 447 1563 Emporium,
481 1497 576 1564 quam
609 1483 699 1543 aden
733 1501 822 1542 nttrrc·
849 1484 957 1542 vocari
982 1482 1124 1564 superius

84 1581 293 1654 ostendimus,
320 1597 467 1646 numerat
487 1583 580 1648 stedia
599 1581 857 1662 milleducenta,
884 1600 962 1664 quae
979 1579 1125 1646 mensura
1240 1623 1243 1628 ·

84 1703 156 1746 anm
189 1685 243 1746 illa
275 1685 371 1747 lubae
402 1688 557 1749 convenit
590 1705 684 1768 quam
716 1667 919 1748 euactilhme.
971 1685 1151 1768 Apertum'

54 1777 58 1788 ’
83 1797 162 1848 reto
186 1807 274 1849 mare
293 1767 466 1870 appellavit
488 1787 582 1858 luha,
609 1773 763 1866 quidquid
787 1787 829 1846 eil
850 1788 931 1848 ultra
955 1790 1087 1850 Ariani
1079 1809 1126 1848 rn-

84 1883 218 1948 satiem
203 1903 237 1950 et
262 1887 489 1971 opposrtnm'
462 1911 491 1952 er
513 1890 548 1949 in
565 1887 736 1968 Aethiopia
760 1883 963 1966 Mosylicum
972 1911 1126 1972 promun-

83 1991 219 2054 torium.
257 1991 331 2051 Eo
352 1994 440 2052 enim
461 2008 562 2074 usque
585 1989 667 2081 smus
688 1987 839 2051 Arabicus
859 1992 1058 2061 extenditur,
1091 2006 1126 2054 et
1244 2037 1248 2045 ,

82 2090 247 2173 aliquanto
265 2093 361 2154 etiarn
376 2089 529 2178 longius
521 2105 619 2152 ruxte
624 2086 711 2158 alios,
733 2103 769 2149 nt
788 2085 930 2171 superius
946 2093 1126 2158 doctrimue.

83 2193 202 2253 Verum
225 2193 304 2255 haec
324 2194 365 2256 de
384 2195 434 2255 hie
456 2193 560 2256 Melae
575 2206 608 2253 et
623 2191 721 2252 Plinii
737 2189 843 2254 verbis
859 2195 941 2254 <licta
963 2183 1127 2266 sufficiant,
1202 2235 1204 2242 >

83 2313 163 2375 quse
185 2295 262 2358 ideo
284 2295 449 2358 lubentius
470 2295 717 2364 admonuimus,
751 2295 822 2382 quia
844 2295 926 2356 vaste
951 2296 1126 2358 admodum

85 2393 125 2457 de
146 2396 299 2461 hocloco
316 2395 438 2472 disserit
453 2395 617 2460 Salmasius
632 2409 665 2456 et
682 2393 893 2480 prodigiosam
910 2397 1017 2461 Plinio
1033 2399 1130 2460 caeci·

83 2508 182 2559 tatem
198 2511 234 2560 et
248 2500 322 2581 plus
337 2519 431 2581 qnam
445 2494 635 2560 barbaricam
655 2496 807 2558 inscitiam
821 2497 1126 2588 affingitgvoservs.

84 2595 190 2683 Aegre
211 2579 370 2682 prolixam
391 2602 475 2662 hanc
496 2595 596 2662 Voffti
616 2583 727 2661 notam
749 2602 879 2682 repetii,
912 2617 944 2663 et
966 2603 1052 2683 qttod
1076 2603 1130 2662 ali·

83 2715 246 2786 quatenus·
265 2723 340 2764 cum
360 2702 487 2766 censura
503 2701 598 2764 nostri
619 2702 684 2763 loci
704 2701 896 2764 cohaereret.
933 2704 1057 2764 Eurum
1075 2691 1130 2766 rei

83 2805 234 2890 neglecto
268 2805 417 2892 codicum
442 2803 560 2869 artxilio
587 2802 630 2864 ita
656 2804 828 2864 commode
853 2801 984 2866 defendi
1015 2805 1127 2888 potest.
1156 2795 1159 2800 ’
1184 2817 1197 2842 ‘

84 2903 216 2987 Nempe
247 2904 267 2962 st
295 2905 400 2969 noller
426 2905 526 2967 verbo
557 2917 691 2964 ceterraem
725 2927 791 2966 non
817 2901 1068 2989 progrelstonem
1091 2907 1129 2968 ab

83 3008 208 3068 oriente
226 3007 265 3066 in
288 3007 430 3069 occasum
453 3007 591 3074 indicat,
624 3004 676 3066 sed
701 3007 836 3068 omniuo
858 3027 896 3068 ex
919 3000 1131 3089 superioribus

83 3110 211 3186 vicinae
230 3107 297 3170 otis
311 3109 430 3190 aliquid
447 3099 588 3176 subiicit,
614 3109 702 3169 uude
722 3109 856 3170 demum
876 3109 911 3168 ad
930 3107 1153 3172 occidentem¹
1208 3106 1211 3112 ⁵

50 3210 252 3291 procedat.
304 3209 764 3292 AdstrnithocSolinuecep.
782 3223 838 3294 55.
857 3207 952 3289 [30.
980 3212 1036 3292 qui
1057 3229 1131 3273 cum
1240 3287 1244 3294 ²

16 3297 19 3316 ⁸
84 3314 202 3374 eadem
226 3313 268 3374 de
277 3305 444 3404 superiori
467 3311 552 3381 lacu,
588 3310 709 3373 Melam
731 3309 886 3381 reserens,
918 3311 1057 3382 dixisset,
1089 3317 1133 3374 ita

84 3415 209 3498 pergit:
252 3387 349 3475 Ultra
369 3415 427 3474 bos
448 3403 587 3504 desertae
610 3413 861 3496 inhumanaeque
874 3403 1066 3506 solitudines
1088 3413 1134 3475 ud

85 3532 183 3598 usqne
206 3507 715 3606 Arabicosfinns.1)einde'm
737 3515 859 3576 ultimis
886 3515 1026 3578 Orientis
1049 3534 1135 3578 marr·

80 3608 210 3712 [hosne
235 3617 377 3696 gentium
390 3607 512 3706 socies.
564 3611 650 3692 ilinc
671 3613 797 3678 subiicit
817 3635 869 3696 ea,
895 3619 1005 3699 quae
997 3639 1029 3678 tn
1048 3619 1139 3680 Mela

87 3721 245 3800 deinceps
266 3717 425 3802 leguntur.
461 3717 507 3778 lta
522 3718 618 3778 ettam
634 3717 807 3787 Plintuee,
829 3731 886 3802 55.
896 3715 925 3780 Γ.
942 3733 997 3798 3ο.
1020 3717 1134 3782 diserte

87 3822 140 3884 illa
162 3819 341 3882 homiuum
362 3817 498 3880 monslra
516 3815 557 3878 nb
579 3815 721 3881 Orientis
740 3831 833 3902 purte
854 3821 971 3881 intima
991 3835 1024 3884 et
1044 3836 1136 3884 antee

87 3925 121 3984 in
140 3921 402 3999 extremitatibus
421 3919 608 4002 Aethiopiae
629 3922 734 4003 ponit.
774 3921 873 4003 Quod
891 3937 928 3984 nt
944 3921 1136 3986 luculentius

86 4025 288 4093 declaretur,
327 4020 451 4084 cursum
484 4021 676 4083 institutum
698 4022 849 4084 brevibus
882 4023 976 4085 lineis
1009 4026 1134 4100 ducam.
1215 4021 1236 4080 ’.
1295 4015 1311 4046 s

84 4127 271 4188 Exorditur
286 4143 303 4184 a
320 4123 448 4194 Meroe,
474 4138 507 4185 et
526 4123 602 4185 hinc
616 4123 819 4205 Aethiopiam
842 4121 899 4184 sub
920 4127 1066 4211 Aegypto
1085 4128 1139 4188 de·

85 4227 204 4294 scribit.
262 4223 344 4291 lnde
368 4245 404 4289 ee
432 4223 565 4298 delibet,
597 4220 682 4309 quae
704 4221 812 4297 rersur
845 4223 1014 4327 Orientem
1040 4221 1138 4294 'obiici
