2736 4884
238 483 304 548 238.
390 459 399 480 ⁶
430 545 432 550 Ι
520 470 786 554 ,rourouu
821 470 985 552 unuln

238 647 364 710 thicum
385 647 658 727 promuntorium.
697 646 722 708 A
744 665 808 728 qne
823 643 929 730 rursm
945 644 1058 726 incipit
1077 644 1162 708 letue
1178 643 1277 731 οτίοιι·Ῥ

238 749 319 819 tale.
354 760 387 810 et
410 748 519 810 finitur
546 745 625 808 Tali
648 749 886 830 promuntorio.
937 745 1020 808 Tabi
1043 765 1121 809 rero
1145 745 1276 808 excurrit

238 849 320 914 latus
355 850 572 918 meridianum
603 869 704 932 usque
738 850 776 912 td
810 849 1071 931 promuntorium
1103 837 1276 939 Hesperien

237 952 356 1020 Ceras,
390 972 408 1012 a
428 970 493 1031 quo
514 951 627 1031 occipit
645 953 776 1012 initium
794 952 874 1014 larus
896 951 1067 1014 occiduum
1083 965 1116 1013 et
1133 951 1277 1010 termina·

239 1067 293 1116 tur
313 1067 386 1116 ante
404 1053 491 1114 dicto
507 1050 674 1134 Hispaniae
696 1053 923 1136 promuntorio
945 1051 1080 1116 Celtico.
1134 1052 1277 1139 Quorum

237 1148 345 1238 itaque
368 1153 441 1215 suut
459 1156 680 1236 promunturia
696 1155 831 1218 totidem
848 1155 947 1218 totius
964 1153 1143 1216 habitabilir
1164 1153 1278 1236 anguli,
1360 1153 1361 1162 ³

242 1258 409 1328 Celticum,
439 1247 631 1344 Scythicum,
662 1254 768 1326 Talis,
795 1236 972 1347 Hesperien
998 1255 1112 1328 Geram
1145 1269 1278 1335 quotuor

236 1359 342 1420 latere
382 1357 525 1420 eiusdem
575 1355 755 1419 habitabilis
805 1357 1011 1421 includentia.
1076 1375 1277 1418 murmure.
1361 1437 1362 1444 ἵ

197 1449 209 1502 ’ν
239 1460 390 1544 Ostendi,
423 1459 598 1544 legendum
626 1459 686 1520 else
713 1456 823 1530 Talis,
858 1478 927 1521 non
954 1458 1085 1532 Tomos3
1122 1459 1222 1545 docui
1243 1477 1279 1518 ex
1360 1475 1362 1496 ¹

237 1562 346 1626 Plinio
380 1560 440 1622 elle
472 1561 587 1643 iugum
619 1560 811 1623 incumbens
843 1561 940 1632 mari,
983 1559 1138 1644 pudendo
1177 1579 1278 1622 errore
1358 1579 1361 1588 ·

238 1664 360 1732 Solini,
385 1658 433 1748 [c.
455 1679 511 1722 eo.
528 1659 549 1722 s.
571 1673 625 1738 ¹5·
655 1659 707 1723 sed
728 1669 813 1724 recte
832 1682 898 1744 cap.
916 1675 976 1742 53.
991 1661 1012 1724 s.
1031 1656 1111 1748 5o.]
1138 1645 1278 1743 quinon

238 1765 397 1848 perceptis
420 1763 518 1824 Plinii
541 1765 663 1833 uerbis,
698 1783 802 1844 neque
831 1765 918 1824 ndito
940 1765 1143 1850 Pomponio,
1181 1759 1279 1822 Talin

237 1886 361 1928 nomen
378 1865 438 1926 esse
454 1866 566 1935 marin,
591 1845 659 1928 ndu
681 1867 897 1946 promontorii
916 1863 1030 1926 scribit.
1066 1884 1168 1926 ruem.
1221 1865 1281 1926 Pli-

237 1971 311 2030 nius
334 1970 367 2038 6,
396 1981 450 2040 ¹7·
480 1963 522 2053 [s.
544 1961 623 2052 um]
658 1969 799 2028 Primum
827 1989 932 2032 eorum
960 1964 1108 2051 (Serum)
1141 1956 1281 2058 noscitur

195 2140 197 2144 ¹
229 2065 355 2158 fluorem
382 2065 546 2160 Pfitartts‚
578 2070 757 2150 proximum
786 2065 924 2138 Caroli.
953 2071 1080 2130 tertium
1107 2069 1228 2138 Lartos,
1259 2087 1281 2128 a

238 2193 301 2254 quo
322 2173 583 2250 promontorium.
623 2171 694 2230 Hoc
711 2190 787 2254 ergo
806 2171 1078 2250 promontorium,
1093 2170 1183 2252 quod
1198 2169 1282 2230 Mela

237 2271 343 2344 refert,
369 2273 412 2334 eli
433 2267 602 2342 incertum,
628 2291 667 2340 an
685 2274 769 2354 apud
785 2273 928 2334 Plinium
945 2273 1058 2335 Lanos
1074 2285 1218 2343 vocetur,
1245 2284 1283 2330 ut

237 2375 371 2436 flumen.
410 2376 561 2456 Sequitur
580 2374 625 2434 ibi
642 2373 744 2434 statim
763 2366 881 2466 Chryse
894 2359 1000 2463 stum,
1025 2395 1119 2458 quam
1140 2364 1282 2464 Chry'seo

237 2475 373 2554 insulam
389 2490 483 2536 vocat
500 2475 603 2546 Mela,
627 2489 661 2536 ct
680 2476 719 2536 ad
736 2476 877 2536 Taurum
892 2477 936 2536 ait
950 2477 1060 2540 iacere.
1112 2477 1176 2539 Sed
1195 2478 1283 2536 idern

221 2577 361 2664 ‘Plinius
380 2579 477 2658 paulo
502 2578 588 2660 poli:
627 2577 759 2648 Gentes,
782 2599 865 2659 qtras
888 2599 1056 2638 urenturore
1075 2599 1138 2638 non
1163 2579 1281 2658 pigeat.

237 2701 259 2740 a
276 2677 435 2740 montibus
450 2678 607 2756 Emodim⁶
630 2699 762 2762 quorum
782 2681 1031 2758 promontorium
1052 2681 1165 2740 Imaus
1186 2700 1281 2740 voea-

239 2793 308 2852 tur,
337 2745 512 2848 incoldrum
536 2780 646 2860 lingua
669 2771 814 2870 nivosum
851 2777 1051 2870 tguificante‚
1082 2771 1185 2871 Isari,
1221 2781 1280 2844 Co·

64 2870 70 2878 ⁸
161 2917 171 2927 ι
237 2884 304 2964 zyri
326 2896 388 2946 etc.
440 2883 523 2944 Ecce
544 2877 806 2964 promontorium
831 2884 956 2943 Imaum
979 2883 1087 2944 vocari
1109 2884 1173 2955 ait3
1207 2902 1281 2944 num

26 2977 29 2986 ’
238 2985 334 3044 Tomi
354 3003 511 3065 nusquam
527 2984 690 3046 meminit.
742 2985 924 3046 Videndum
942 2985 1050 3054 etiam,
1076 3004 1115 3044 rm
1133 2985 1198 3046 huc
1214 3004 1282 3058 nou

233 3087 397 3169 pertineat
422 3086 593 3156 Tamarus,
622 3088 714 3146 cuiue
737 3087 888 3147 meminit
910 3085 1022 3148 Strabo
1047 3085 1104 3146 lib.
1135 3107 1191 3148 11.
1227 3082 1280 3173 [p.

241 3181 489 3272 35ss.s.519.]
527 3205 740 3272 ciacconius.
793 3189 827 3250 si
850 3187 964 3248 sincera
987 3187 1029 3250 est
1053 3187 1150 3248 Plinii
1172 3189 1305 3259 lectio‚.

217 3290 402 3374 ‚uideretur
423 3289 477 3350 hic
497 3289 614 3349 Tamus
633 3292 667 3350 in
685 3292 795 3350 liunus
813 3289 1017 3375 mutandum.
1055 3289 1171 3350 Scribit
1191 3293 1280 3353 euim

238 3391 265 3454 it
287 3391 343 3452 lib.
363 3392 396 3454 6.
416 3411 444 3453 c.
466 3405 521 3466 17.
547 3380 728 3452 eltremum
743 3391 1003 3470 promuntorium
1019 3391 1143 3452 Emodi,
1156 3396 1280 3454 montio

236 3493 386 3577 appellari
410 3494 552 3563 Imaum,
578 3492 664 3572 quod
685 3475 833 3553 nivosum
855 3492 1033 3554 incolarum
1056 3493 1163 3577 lingua
1188 3493 1280 3578 signi·

237 3595 320 3664 ficet.
362 3595 507 3664 Eandem
526 3594 699 3680 lectionem
716 3595 880 3672 confirmat
895 3593 1007 3656 strabo
1023 3593 1079 3655 lib.
1103 3615 1165 3656 ιι..
1181 3595 1222 3673 [c.
1240 3595 1277 3676 l.]

49 3711 54 3726 ¹
125 3723 133 3760 t
237 3715 312 3756 cum
346 3693 453 3756 Tauri
478 3697 601 3756 montis
633 3709 831 3775 extremum,
867 3697 994 3756 imaum
1027 3699 1133 3758 vocari
1160 3695 1277 3759 scribit.

237 3797 329 3874 Idem
349 3810 457 3858 tamen
479 3791 640 3885 To'papm
655 3797 809 3878 appellare
827 3797 958 3860 videtur
978 3798 1071 3880 paulo
1092 3798 1171 3881 post.
1208 3797 1279 3860 Nec

237 3896 466 3960 sollicitandam
500 3898 560 3960 elle
592 3898 674 3960 hanc
700 3891 874 3974 lectionem
900 3899 974 3959 ideo
1007 3901 1167 3970 existimo,
1204 3904 1278 3982 quia

239 3999 369 4068 Orosius
388 3995 443 4087 [r,
463 3994 520 4087 9.]
541 4014 626 4062 etex
642 3997 693 4071 eoi
718 3998 824 4064 nescio
843 4003 925 4081 quis,
949 4001 1100 4080 Aethione
1122 3995 1177 4086 [p.
1191 4013 1275 4084 724.

237 4103 289 4192 ed.
313 4104 412 4168 Gron.
436 4125 489 4166 an.
516 4095 644 4188 1722]
669 4103 838 4164 Sameram
863 4115 956 4164 vocat
977 4117 1157 4164 extremum
1179 4103 1278 4164 Tauri

139 4225 146 4234 ·
236 4207 511 4291 promuntorium.
563 4204 677 4287 itaque
699 4203 742 4268 sn
764 4202 893 4277 censeo.
919 4206 1052 4282 ¹Imaum
1070 4207 1202 4287 quidem
1223 4224 1275 4268 ex·
