2736 4884
301 497 365 547 eso
600 485 848 566 sourourr
886 443 1055 544 uersa

303 658 391 738 [vid.
416 659 487 723 Vol.
507 661 560 744 2.]
589 660 716 733 dicunt,
761 659 910 724 formicas
944 661 1068 724 Indicas
1106 659 1165 724 elle
1198 661 1318 723 minores
1363 655 1364 662 '

302 762 448 833 canibus,
477 760 528 824 led
548 758 684 826 maiores
705 763 869 846 vulpibus
927 761 1133 847 Nomputo,
1148 763 1186 824 ab
1208 737 1264 824 illis
1283 783 1318 822 re·

248 935 252 956 .
301 861 415 925 ceffille
443 864 579 938 Melam
623 868 729 948 itaque
764 867 925 928 veriorem
956 863 1016 927 elle
1043 862 1154 926 censeo
1188 866 1317 927 omnium

273 1031 275 1044 ,
296 963 489 1078 scriptorum
509 968 724 1038 lectionem,
687 989 818 1084 ,onam
842 983 962 1030 temere
983 979 1165 1031 mutarunt:
1191 966 1249 1027 alic
1258 957 1319 1056 for·

301 1055 401 1130 milas
417 1089 482 1130 non
499 1072 601 1152 miuus
619 1072 778 1132 maximos
794 1066 935 1132 canthus.
986 1069 1084 1139 Dicit,
1108 1041 1251 1130 formicas
1265 1087 1319 1127 noa

299 1170 360 1232 ell'e
381 1174 490 1232 rnirnts
514 1193 658 1256 magnas,
691 1193 785 1254 quarn
808 1173 868 1234 stnt
891 1187 992 1234 canes.
1051 1171 1156 1232 Etiam
1183 1171 1257 1230 alibi
1279 1170 1320 1242 lrlc

299 1271 404 1333 noster
429 1270 624 1355 superlativis
647 1277 750 1335 utitur
771 1292 830 1356 pro
860 1273 1103 1354 comparativis,
1128 1273 1216 1354 quod
1235 1269 1320 1352 ipsum

300 1387 333 1434 et
349 1377 432 1454 apud
449 1375 628 1437 Sallustium
648 1391 681 1437 et
696 1377 772 1438 alios
794 1377 920 1459 linguae
937 1375 1068 1436 Latinae
1088 1387 1232 1436 auctores
1247 1371 1320 1452 laepa
1361 1369 1365 1452 J

199 1469 201 1476 ’
280 1476 411 1552 ἱνίἀιιιο
435 1475 487 1538 est.
521 1495 661 1540 voss1vs.
713 1478 951 1560 superlativum
972 1474 1157 1558 paffimpro
1180 1491 1320 1556 compara·
1364 1477 1365 1536 J

170 1606 202 1636 ι.
297 1578 369 1636 tivo
389 1578 469 1656 poni
489 1569 575 1658 ‘apud
602 1579 737 1640 Graecos
763 1581 876 1660 etiarn,
910 1580 1006 1642 docet
1033 1577 1202 1641 structurae
1224 1573 1320 1638 forma.

299 1677 373 1738 Vid.
390 1679 534 1742 Davisius
555 1681 593 1743 ad
614 1681 699 1742 lllax.
713 1683 792 1761 Tyr.
815 1695 870 1760 23.
888 1681 933 1742 in.
960 1679 1102 1742 Beckius
1121 1680 1161 1741 ad
1176 1677 1321 1759 aristoph.

179 1763 182 1777 ¹
298 1797 373 1840 aves
394 1801 424 1840 v.
444 1791 527 1855 822.
554 1798 587 1842 et
609 1803 687 1864 quos
705 1783 757 1844 hic
773 1784 930 1846 nominat.
980 1777 1032 1846 Cf.
1057 1795 1218 1863 praeterea
1238 1780 1321 1844 Corte
1364 1783 1365 1862 J

298 1881 336 1940 ad
352 1881 471 1943 Sallust.
491 1884 561 1966 lug.
578 1904 608 1958 c.
624 1904 680 1967 51,
703 1897 757 1964 14.
782 1885 838 1947 etsi
855 1885 935 1944 alius
953 1882 1000 1944 ihi
1017 1882 1060 1946 est
1077 1903 1189 1946 nexus.
1206 1913 1221 1936 ι
1234 1883 1322 1943 Locus

258 1981 261 1990 ’
297 1981 458 2044 Herodoti
476 1997 507 2061 5,
529 2002 609 2050 102.
630 1987 718 2048 unde·
731 1985 782 2048 sua
796 1987 891 2068 petiit
902 1985 998 2056 Mela,
1022 1985 1188 2047 lichabet:
1215 1974 1322 2074 puppa·

125 2150 127 2164 ¹
215 2071 221 2082 ¹
296 2103 348 2156 κες
377 2078 527 2172 μεγάθεα
551 2080 686 2172 ἔχοντες
711 2088 815 2152 κυνῶν
841 2084 898 2177 μὲν
923 2081 1103 2158 ἐλάσσονα,
1138 2083 1321 2152 α’λωπὲκεωι
1363 2165 1365 2168 ¹

277 2179 331 2246 ds*
355 2183 486 2272 μέζοια.
538 2189 587 2248 Ad
604 2210 684 2270 quae
705 2191 727 2250 fi
750 2190 847 2252 verba
868 2189 966 2250 nollri
982 2209 1021 2250 ex
1038 2185 1183 2251 Volllana
1205 2189 1321 2270 explica·

233 2295 241 2324 ·‘
294 2290 385 2349 tione
417 2287 597 2359 transferas,
633 2293 772 2353 minime
799 2309 835 2354 ea
859 2289 1063 2373 respondent.
1131 2292 1221 2354 Tum
1247 2289 1322 2352 enim

296 2385 402 2454 seusus
424 2389 558 2451 exliltat:
591 2411 658 2452 non
677 2396 819 2458 minores
837 2392 896 2456 elle
912 2394 1059 2454 maximia
1081 2391 1224 2464 canibus,
1248 2388 1322 2474 quod
1363 2395 1364 2399 ’

295 2491 482 2552 Herodotus
507 2493 643 2555 minime
668 2497 774 2558 tradit.
827 2495 960 2556 Acutius
986 2507 1130 2556 mentem
1159 2491 1322 2576 Pomponii
1365 2491 1366 2505 l

213 2655 216 2665 ,
293 2593 379 2653 vidit
403 2594 544 2676 Kappius
570 2607 602 2655 et
620 2596 657 2682 ¹in
687 2596 793 2657 indice
822 2595 844 2658 l.
871 2617 903 2657 v.
919 2587 1084 2686 formicae
1110 2595 1255 2677 exposuit
1273 2595 1321 2655 lic:
1365 2677 1366 2682 η

285 2691 445 2756 ¹formicae
472 2695 581 2756 Indiae
604 2697 829 2780 magnitudine
855 2695 1010 2780 praestant
1031 2694 1181 2759 formicas
1204 2699 1323 2762 aliatum

164 2859 169 2877 Ι
269 2797 479 2878 regionum.
505 2795 583 2856 licut
598 2816 689 2860 canes
710 2797 823 2859 Indici'
834 2799 1055 2884 magnitudine
1076 2796 1227 2880 superant
1243 2814 1322 2860 canet

293 2897 425 2960 aliarum
446 2899 632 2982 regionum,
661 2915 852 2982 quapropter
871 2903 968 2962 etiam
984 2900 1107 2983 adlegat
1123 2899 1276 2962 Curtium
1294 2917 1322 2978 9,
1365 2909 1366 2912 ’

299 3019 329 3068 ι.
349 3014 390 3078 31
414 2995 456 3079 lq.
496 2987 667 3062 'Posterior
688 3015 797 3062 tamen
815 3003 886 3063 eius
905 3002 1127 3082 explicationis
1145 3021 1217 3083 pars
1234 3001 1322 3064 recidi
1365 2985 1366 3014 ³

292 3099 375 3164 forte
391 3095 503 3182 poffit,
529 3114 563 3162 et
581 3104 776 3184 comparatio
797 3104 934 3164 omnino
950 3103 990 3162 ad
1003 3122 1096 3164 canes
1112 3105 1264 3164 omnium
1283 3121 1322 3162 re·

291 3205 428 3288 glorium
443 3201 569 3279 referri,
594 3208 683 3285 quod
698 3202 772 3265 facit
790 3206 887 3266 stiam
902 3205 1100 3266 Herodotus.
1141 3206 1199 3268 sir
1218 3204 1320 3269 Strabo
1365 3189 1366 3194 ἵ

292 3305 350 3366 lib.
379 3313 436 3380 15.
468 3324 500 3386 p.
523 3314 609 3384 433.
632 3303 757 3385 [795.
788 3307 829 3379 de
850 3307 960 3368 ludia:
1001 3305 1237 3398 reparataque·
1266 3301 1323 3395 pal·

292 3403 368 3492 <our
388 3405 454 3469 τῶν
475 3403 635 3494 μεγίστων
658 3407 772 3472 κυνῶν.
808 3408 934 3469 Eodem
958 3405 1023 3470 lere
1046 3408 1144 3470 modo
1162 3410 1245 3470 dixit
1262 3409 1321 3469 Ho-

252 3567 253 3576 ,
292 3510 389 3570 ratius
411 3510 511 3586 Satyr.
542 3529 569 3578 r,
595 3506 628 3578 6,
655 3518 711 3590 24.
736 3509 857 3570 tradit
880 3509 985 3589 gloria
1010 3503 1193 3585 crarta-'uon
1226 3512 1320 3571 minut

195 3615 196 3618 ’
292 3611 420 3690 ignotos
439 3607 603 3697 genorofis.
656 3609 770 3672 Sensus
793 3612 905 3694 igitur,
934 3611 1016 3674 fiad
1035 3607 1169 3674 seruilem
1192 3609 1322 3673 formam

263 3709 267 3725 *
291 3708 432 3794 effingas,
455 3713 588 3772 mutatis
604 3712 708 3773 verbis
723 3713 776 3774 hic
793 3711 850 3774 all:
876 3713 942 3774 Alit
956 3695 1101 3774 formicas
1116 3729 1216 3794 aeque
1232 3712 1320 3776 maxi·

289 3833 374 3884 mas,
400 3831 434 3874 ac
459 3830 561 3874 canes.
612 3813 675 3896 Pro
701 3813 898 3895 Gryphorum
922 3813 1032 3876 Cibin.
1054 3835 1244 3896 gryporumr
1273 3811 1320 3874 alli

289 3915 492 3999 griphonem,
521 3915 569 3974 uti
590 3917 688 3976 etiarn
712 3917 784 3978 edd.
806 3936 834 3977 ι.
860 3931 894 3978 2.
915 3933 949 3995 9.
974 3927 1029 3995 13.
1052 3911 1238 4004 grifforum,
1263 3913 1319 3995 gri·

179 4089 184 4104 .
288 4017 434 4098 phorum,
454 4030 488 4077 ot
510 4018 712 4097 gryphorum,
737 4017 825 4098 quod
844 4019 907 4080 iam
924 4018 1083 4078 dederunt
1101 4012 1173 4081 edd.
1192 4032 1224 4096 3.
1241 4029 1273 4097 4.
1289 4027 1318 4091 5.

290 4119 325 4182 6.
345 4133 378 4194 7.
403 4129 437 4196 8.
462 4138 518 4182 ιο.
539 4137 596 4184 ιι.
622 4137 679 4185 rc.
708 4129 763 4199 ¹4·
794 4147 844 4162 -
885 4119 971 4181 Hinc
993 4138 1060 4202 cap.
1083 4132 1144 4200 33.
1168 4139 1187 4183 a
1207 4121 1319 4184 vineto

289 4221 434 4303 ponitur.
